Region,Country,Item Type,Sales Channel,Order Priority,Order Date,Order ID,Ship Date,Units Sold,Unit Price,Unit Cost,Total Revenue,Total Cost,Total Profit
Australia and Oceania,Palau,Office Supplies,Online,H,3/6/2016,517073523,3/26/2016,2401,651.21,524.96,1563555.21,1260428.96,303126.25
Europe,Poland,Beverages,Online,L,4/18/2010,380507028,5/26/2010,9340,47.45,31.79,443183.00,296918.60,146264.40
North America,Canada,Cereal,Online,M,1/8/2015,504055583,1/31/2015,103,205.70,117.11,21187.10,12062.33,9124.77
Europe,Belarus,Snacks,Online,C,1/19/2014,954955518,2/27/2014,1414,152.58,97.44,215748.12,137780.16,77967.96
Middle East and North Africa,Oman,Cereal,Offline,H,4/26/2019,970755660,6/2/2019,7027,205.70,117.11,1445453.90,822931.97,622521.93
Sub-Saharan Africa,Burkina Faso,Office Supplies,Online,C,3/3/2012,309317338,4/5/2012,2729,651.21,524.96,1777152.09,1432615.84,344536.25
Europe,Montenegro,Personal Care,Online,H,11/24/2012,598814380,12/25/2012,1337,81.73,56.67,109273.01,75767.79,33505.22
Middle East and North Africa,Azerbaijan,Cosmetics,Offline,M,3/18/2011,387733113,5/5/2011,7699,437.20,263.33,3366002.80,2027377.67,1338625.13
Sub-Saharan Africa,South Sudan,Clothes,Offline,C,5/10/2014,994872367,6/17/2014,3696,109.28,35.84,403898.88,132464.64,271434.24
North America,Greenland,Personal Care,Online,C,5/25/2020,659343469,6/14/2020,3239,81.73,56.67,264723.47,183554.13,81169.34
Europe,Portugal,Cosmetics,Online,M,11/12/2012,390570247,11/13/2012,7270,437.20,263.33,3178444.00,1914409.10,1264034.90
Sub-Saharan Africa,Sierra Leone,Clothes,Offline,C,7/25/2019,818289029,7/27/2019,8763,109.28,35.84,957620.64,314065.92,643554.72
Europe,Germany,Personal Care,Offline,H,12/25/2010,842548644,1/24/2011,7722,81.73,56.67,631119.06,437605.74,193513.32
Europe,Montenegro,Personal Care,Offline,L,8/3/2012,783710420,8/10/2012,6184,81.73,56.67,505418.32,350447.28,154971.04
Asia,Bangladesh,Cereal,Offline,L,12/3/2013,132448184,1/15/2014,3216,205.70,117.11,661531.20,376625.76,284905.44
Sub-Saharan Africa,Mauritius ,Snacks,Online,M,9/22/2016,699748265,10/3/2016,9917,152.58,97.44,1513135.86,966312.48,546823.38
Asia,Kyrgyzstan,Snacks,Offline,H,11/22/2018,766909492,12/15/2018,4416,152.58,97.44,673793.28,430295.04,243498.24
Sub-Saharan Africa,Madagascar,Clothes,Online,C,10/27/2019,935543191,10/29/2019,6875,109.28,35.84,751300.00,246400.00,504900.00
Europe,Romania,Meat,Online,M,1/25/2015,977573192,2/7/2015,4486,421.89,364.69,1892598.54,1635999.34,256599.20
Europe,Malta,Personal Care,Offline,H,5/21/2012,285235822,6/22/2012,6473,81.73,56.67,529038.29,366824.91,162213.38
Europe,Latvia,Clothes,Online,H,9/10/2015,121079909,10/2/2015,9091,109.28,35.84,993464.48,325821.44,667643.04
Asia,Bangladesh,Fruits,Online,L,9/14/2019,467966783,9/27/2019,625,9.33,6.92,5831.25,4325.00,1506.25
Middle East and North Africa,Yemen,Household,Online,C,4/18/2015,479070270,5/8/2015,6394,668.27,502.54,4272918.38,3213240.76,1059677.62
Asia,Myanmar,Vegetables,Offline,H,3/28/2016,727876698,4/19/2016,3745,154.06,90.93,576954.70,340532.85,236421.85
Sub-Saharan Africa,The Gambia,Office Supplies,Online,L,1/28/2011,958184897,3/7/2011,7059,651.21,524.96,4596891.39,3705692.64,891198.75
Europe,Russia,Fruits,Offline,H,3/26/2011,534106194,5/13/2011,2747,9.33,6.92,25629.51,19009.24,6620.27
Sub-Saharan Africa,Malawi,Snacks,Online,M,8/8/2013,690064418,8/29/2013,4251,152.58,97.44,648617.58,414217.44,234400.14
Middle East and North Africa,Oman,Cosmetics,Offline,M,8/1/2016,480795896,9/10/2016,7045,437.20,263.33,3080074.00,1855159.85,1224914.15
Central America and the Caribbean,Belize,Fruits,Offline,H,9/24/2014,831349456,10/20/2014,3633,9.33,6.92,33895.89,25140.36,8755.53
Central America and the Caribbean,Haiti,Baby Food,Online,M,10/17/2014,487086427,10/30/2014,8553,255.28,159.42,2183409.84,1363519.26,819890.58
Europe,Slovakia,Cosmetics,Offline,L,9/7/2019,963680636,10/1/2019,3370,437.20,263.33,1473364.00,887422.10,585941.90
Middle East and North Africa,Oman,Vegetables,Online,L,6/2/2012,697118413,7/16/2012,1685,154.06,90.93,259591.10,153217.05,106374.05
Middle East and North Africa,Qatar,Office Supplies,Offline,M,12/18/2014,893698585,2/2/2015,4126,651.21,524.96,2686892.46,2165984.96,520907.50
Sub-Saharan Africa,Namibia,Household,Offline,M,9/11/2018,580032479,9/29/2018,3355,668.27,502.54,2242045.85,1686021.70,556024.15
Sub-Saharan Africa,Democratic Republic of the Congo,Snacks,Online,L,2/22/2011,653043925,3/31/2011,9064,152.58,97.44,1382985.12,883196.16,499788.96
Europe,Slovenia,Cosmetics,Online,H,6/9/2013,729969251,7/19/2013,2978,437.20,263.33,1301981.60,784196.74,517784.86
Asia,Uzbekistan,Baby Food,Online,L,10/9/2010,498357284,10/12/2010,3850,255.28,159.42,982828.00,613767.00,369061.00
Europe,United Kingdom,Personal Care,Offline,H,3/27/2011,166069352,4/16/2011,2467,81.73,56.67,201627.91,139804.89,61823.02
Sub-Saharan Africa,Zambia,Cosmetics,Online,C,1/26/2019,911279284,2/12/2019,6646,437.20,263.33,2905631.20,1750091.18,1155540.02
Europe,Poland,Clothes,Online,H,8/21/2018,832473409,9/27/2018,6236,109.28,35.84,681470.08,223498.24,457971.84
Sub-Saharan Africa,Comoros,Office Supplies,Online,C,11/6/2011,798450553,11/14/2011,8117,651.21,524.96,5285871.57,4261100.32,1024771.25
Asia,Singapore,Beverages,Offline,L,10/19/2012,398322045,11/15/2012,1200,47.45,31.79,56940.00,38148.00,18792.00
Europe,Portugal,Office Supplies,Online,L,5/15/2010,191511714,6/7/2010,1427,651.21,524.96,929276.67,749117.92,180158.75
Europe,Switzerland,Vegetables,Online,M,4/26/2016,357755887,6/8/2016,6772,154.06,90.93,1043294.32,615777.96,427516.36
Europe,France,Household,Online,C,3/8/2017,247103393,3/26/2017,2240,668.27,502.54,1496924.80,1125689.60,371235.20
Australia and Oceania,Samoa ,Beverages,Online,C,9/11/2011,629915559,10/28/2011,4867,47.45,31.79,230939.15,154721.93,76217.22
Sub-Saharan Africa,Lesotho,Personal Care,Online,L,2/16/2016,546866214,2/28/2016,8720,81.73,56.67,712685.60,494162.40,218523.20
Asia,South Korea,Fruits,Offline,C,3/5/2016,458941686,3/19/2016,9898,9.33,6.92,92348.34,68494.16,23854.18
Europe,Poland,Cosmetics,Online,C,2/2/2015,897440803,3/13/2015,1531,437.20,263.33,669353.20,403158.23,266194.97
Central America and the Caribbean,Antigua and Barbuda ,Household,Online,H,8/11/2017,213974893,9/16/2017,8781,668.27,502.54,5868078.87,4412803.74,1455275.13
Europe,Austria,Cosmetics,Offline,L,12/12/2013,430467784,1/24/2014,3838,437.20,263.33,1677973.60,1010660.54,667313.06
Europe,Switzerland,Meat,Online,C,3/16/2017,489155805,3/27/2017,928,421.89,364.69,391513.92,338432.32,53081.60
Europe,Norway,Cereal,Offline,C,4/2/2015,302587783,5/3/2015,1304,205.70,117.11,268232.80,152711.44,115521.36
Middle East and North Africa,Qatar,Personal Care,Online,M,11/6/2018,303625047,11/9/2018,8253,81.73,56.67,674517.69,467697.51,206820.18
Europe,Hungary,Cosmetics,Online,L,7/12/2013,995441424,8/3/2013,2093,437.20,263.33,915059.60,551149.69,363909.91
Middle East and North Africa,Yemen,Meat,Offline,H,5/28/2018,701523244,7/7/2018,5172,421.89,364.69,2182015.08,1886176.68,295838.40
Sub-Saharan Africa,Cote d'Ivoire,Meat,Offline,H,9/2/2016,515669333,10/22/2016,6870,421.89,364.69,2898384.30,2505420.30,392964.00
Europe,Malta,Clothes,Online,M,5/30/2014,251991021,6/6/2014,8598,109.28,35.84,939589.44,308152.32,631437.12
Europe,Montenegro,Beverages,Offline,L,11/11/2013,694912135,11/19/2013,8798,47.45,31.79,417465.10,279688.42,137776.68
Sub-Saharan Africa,Eritrea,Office Supplies,Offline,C,10/9/2018,449169003,10/17/2018,7945,651.21,524.96,5173863.45,4170807.20,1003056.25
Sub-Saharan Africa,Cameroon,Snacks,Online,M,5/5/2018,889810454,5/9/2018,3542,152.58,97.44,540438.36,345132.48,195305.88
North America,Canada,Office Supplies,Online,M,12/25/2013,312197816,12/30/2013,5126,651.21,524.96,3338102.46,2690944.96,647157.50
Sub-Saharan Africa,Uganda,Personal Care,Offline,L,12/12/2013,682004916,12/21/2013,9265,81.73,56.67,757228.45,525047.55,232180.90
Europe,Estonia,Office Supplies,Online,H,4/20/2017,885218083,5/15/2017,4557,651.21,524.96,2967563.97,2392242.72,575321.25
Sub-Saharan Africa,Gabon,Cosmetics,Offline,L,4/7/2019,778136146,4/10/2019,6632,437.20,263.33,2899510.40,1746404.56,1153105.84
Australia and Oceania,Palau,Clothes,Offline,M,7/26/2016,737370431,7/31/2016,3151,109.28,35.84,344341.28,112931.84,231409.44
Middle East and North Africa,Egypt,Office Supplies,Online,C,10/13/2012,309844768,11/14/2012,8807,651.21,524.96,5735206.47,4623322.72,1111883.75
Europe,Portugal,Clothes,Online,C,12/29/2012,462795484,2/15/2013,323,109.28,35.84,35297.44,11576.32,23721.12
Europe,Czech Republic,Clothes,Online,C,6/9/2018,433771407,6/11/2018,1454,109.28,35.84,158893.12,52111.36,106781.76
Asia,Turkmenistan,Cereal,Online,M,6/19/2010,880633866,7/3/2010,7986,205.70,117.11,1642720.20,935240.46,707479.74
Central America and the Caribbean,Saint Lucia,Personal Care,Online,M,1/22/2020,731556689,2/26/2020,2736,81.73,56.67,223613.28,155049.12,68564.16
Europe,United Kingdom,Personal Care,Offline,H,7/16/2015,335026204,8/18/2015,554,81.73,56.67,45278.42,31395.18,13883.24
Sub-Saharan Africa,Malawi,Snacks,Online,L,11/8/2014,109841239,11/19/2014,3318,152.58,97.44,506260.44,323305.92,182954.52
Europe,Monaco,Personal Care,Offline,L,1/23/2016,995113122,3/4/2016,4941,81.73,56.67,403827.93,280006.47,123821.46
Sub-Saharan Africa,Djibouti,Vegetables,Offline,C,5/21/2013,400265681,6/17/2013,6365,154.06,90.93,980591.90,578769.45,401822.45
Sub-Saharan Africa,Zimbabwe,Fruits,Online,H,3/29/2013,755035245,5/8/2013,562,9.33,6.92,5243.46,3889.04,1354.42
Central America and the Caribbean,Grenada,Household,Offline,M,3/16/2018,959470641,4/22/2018,7539,668.27,502.54,5038087.53,3788649.06,1249438.47
Europe,Andorra,Meat,Online,L,12/19/2010,433933198,1/30/2011,9331,421.89,364.69,3936655.59,3402922.39,533733.20
Sub-Saharan Africa,Nigeria,Beverages,Offline,L,2/23/2013,469096744,3/8/2013,5006,47.45,31.79,237534.70,159140.74,78393.96
Asia,Kyrgyzstan,Beverages,Offline,L,10/17/2015,175947606,11/11/2015,5661,47.45,31.79,268614.45,179963.19,88651.26
Asia,Tajikistan,Vegetables,Online,M,10/19/2016,535784614,11/26/2016,9428,154.06,90.93,1452477.68,857288.04,595189.64
Asia,Malaysia,Beverages,Offline,H,7/26/2015,350219094,8/21/2015,6467,47.45,31.79,306859.15,205585.93,101273.22
Europe,Hungary,Personal Care,Online,L,5/5/2018,291174876,5/9/2018,3971,81.73,56.67,324549.83,225036.57,99513.26
Europe,Germany,Clothes,Online,L,7/1/2011,650888288,8/18/2011,1163,109.28,35.84,127092.64,41681.92,85410.72
Sub-Saharan Africa,Guinea,Cosmetics,Offline,L,4/29/2020,891908156,5/19/2020,4299,437.20,263.33,1879522.80,1132055.67,747467.13
Middle East and North Africa,Pakistan,Fruits,Online,M,3/1/2018,997095811,3/2/2018,1663,9.33,6.92,15515.79,11507.96,4007.83
Sub-Saharan Africa,Equatorial Guinea,Office Supplies,Online,C,4/10/2017,119625079,4/16/2017,8574,651.21,524.96,5583474.54,4501007.04,1082467.50
Middle East and North Africa,Morocco,Baby Food,Online,M,1/16/2010,632982289,1/30/2010,2381,255.28,159.42,607821.68,379579.02,228242.66
Australia and Oceania,Nauru,Vegetables,Online,M,2/1/2017,480966269,3/17/2017,7462,154.06,90.93,1149595.72,678519.66,471076.06
Asia,Uzbekistan,Personal Care,Offline,H,10/3/2017,827688348,10/28/2017,230,81.73,56.67,18797.90,13034.10,5763.80
Europe,Finland,Clothes,Offline,L,8/20/2019,207572352,9/17/2019,4127,109.28,35.84,450998.56,147911.68,303086.88
Asia,Indonesia,Beverages,Online,C,6/6/2010,375354611,7/10/2010,4626,47.45,31.79,219503.70,147060.54,72443.16
Asia,Maldives,Cosmetics,Offline,H,10/10/2016,456083953,10/25/2016,4232,437.20,263.33,1850230.40,1114412.56,735817.84
Middle East and North Africa,Morocco,Cereal,Offline,C,5/4/2013,995121705,5/9/2013,7481,205.70,117.11,1538841.70,876099.91,662741.79
Central America and the Caribbean,Dominican Republic,Clothes,Offline,L,9/22/2013,808141696,10/18/2013,5941,109.28,35.84,649232.48,212925.44,436307.04
Middle East and North Africa,Qatar,Clothes,Online,H,8/27/2011,131130254,9/10/2011,3211,109.28,35.84,350898.08,115082.24,235815.84
North America,United States of America,Clothes,Offline,M,5/21/2018,170386207,7/3/2018,9920,109.28,35.84,1084057.60,355532.80,728524.80
Sub-Saharan Africa,South Africa,Cosmetics,Online,C,8/10/2014,852520883,9/29/2014,8729,437.20,263.33,3816318.80,2298607.57,1517711.23
Sub-Saharan Africa,Swaziland,Household,Offline,C,12/8/2019,374458110,12/17/2019,9331,668.27,502.54,6235627.37,4689200.74,1546426.63
Middle East and North Africa,Kuwait,Personal Care,Offline,C,9/18/2012,153434216,9/30/2012,3449,81.73,56.67,281886.77,195454.83,86431.94
Sub-Saharan Africa,Guinea-Bissau,Fruits,Online,H,3/24/2010,776998031,4/27/2010,9839,9.33,6.92,91797.87,68085.88,23711.99
Europe,Sweden,Beverages,Offline,H,7/22/2020,653010880,8/6/2020,9286,47.45,31.79,440620.70,295201.94,145418.76
Central America and the Caribbean,Saint Lucia,Clothes,Online,L,11/14/2015,959646594,12/20/2015,9608,109.28,35.84,1049962.24,344350.72,705611.52
Europe,France,Clothes,Online,L,8/10/2012,695391499,9/15/2012,653,109.28,35.84,71359.84,23403.52,47956.32
Middle East and North Africa,Bahrain,Cereal,Online,H,9/5/2012,729044425,10/22/2012,9301,205.70,117.11,1913215.70,1089240.11,823975.59
Europe,Vatican City,Personal Care,Online,C,6/29/2019,649716699,7/10/2019,4464,81.73,56.67,364842.72,252974.88,111867.84
Middle East and North Africa,Yemen,Cosmetics,Offline,C,3/22/2011,116832149,4/3/2011,2084,437.20,263.33,911124.80,548779.72,362345.08
Asia,Nepal,Office Supplies,Offline,H,5/1/2010,210127103,6/14/2010,134,651.21,524.96,87262.14,70344.64,16917.50
Asia,Tajikistan,Vegetables,Online,L,1/18/2014,279650390,2/26/2014,3620,154.06,90.93,557697.20,329166.60,228530.60
Europe,Finland,Vegetables,Offline,C,5/29/2010,195763337,7/13/2010,9577,154.06,90.93,1475432.62,870836.61,604596.01
Middle East and North Africa,Algeria,Cereal,Online,M,9/7/2015,799139773,10/24/2015,2072,205.70,117.11,426210.40,242651.92,183558.48
Sub-Saharan Africa,Niger,Beverages,Offline,L,7/30/2015,750766026,9/11/2015,7206,47.45,31.79,341924.70,229078.74,112845.96
Asia,Kazakhstan,Fruits,Offline,L,5/1/2013,581940925,5/19/2013,8106,9.33,6.92,75628.98,56093.52,19535.46
Europe,Germany,Meat,Online,H,9/9/2013,444275796,10/3/2013,9936,421.89,364.69,4191899.04,3623559.84,568339.20
Sub-Saharan Africa,Democratic Republic of the Congo,Clothes,Offline,L,7/23/2017,559694468,9/9/2017,4886,109.28,35.84,533942.08,175114.24,358827.84
Australia and Oceania,Samoa ,Fruits,Offline,C,8/25/2016,770433270,10/5/2016,7180,9.33,6.92,66989.40,49685.60,17303.80
Europe,Georgia,Cereal,Offline,H,3/21/2020,989041030,5/3/2020,8074,205.70,117.11,1660821.80,945546.14,715275.66
Australia and Oceania,Solomon Islands,Cosmetics,Online,C,8/23/2017,748379075,8/29/2017,854,437.20,263.33,373368.80,224883.82,148484.98
Europe,Hungary,Meat,Online,H,11/4/2015,551621234,11/27/2015,5836,421.89,364.69,2462150.04,2128330.84,333819.20
Australia and Oceania,East Timor,Snacks,Offline,H,7/17/2012,522253835,9/2/2012,5370,152.58,97.44,819354.60,523252.80,296101.80
Europe,Netherlands,Baby Food,Offline,M,4/28/2012,854075706,5/18/2012,8836,255.28,159.42,2255654.08,1408635.12,847018.96
Central America and the Caribbean,Haiti,Household,Online,C,7/29/2010,461198174,9/17/2010,7644,668.27,502.54,5108255.88,3841415.76,1266840.12
Europe,Sweden,Office Supplies,Online,M,3/24/2020,128045070,4/22/2020,236,651.21,524.96,153685.56,123890.56,29795.00
Asia,Nepal,Clothes,Offline,H,12/13/2012,259352719,12/30/2012,7088,109.28,35.84,774576.64,254033.92,520542.72
Sub-Saharan Africa,Cote d'Ivoire,Fruits,Online,C,1/10/2010,430169951,1/18/2010,5703,9.33,6.92,53208.99,39464.76,13744.23
Sub-Saharan Africa,Benin,Cosmetics,Offline,L,11/11/2012,735858094,11/22/2012,5617,437.20,263.33,2455752.40,1479124.61,976627.79
North America,Greenland,Snacks,Online,M,1/8/2019,442090976,2/2/2019,3399,152.58,97.44,518619.42,331198.56,187420.86
Sub-Saharan Africa,South Sudan,Vegetables,Online,M,11/13/2016,234854924,11/23/2016,7646,154.06,90.93,1177942.76,695250.78,482691.98
Central America and the Caribbean,Haiti,Cereal,Online,H,4/29/2012,870448768,5/13/2012,3989,205.70,117.11,820537.30,467151.79,353385.51
North America,Mexico,Snacks,Online,L,10/24/2012,925483834,10/24/2012,88,152.58,97.44,13427.04,8574.72,4852.32
Sub-Saharan Africa,South Africa,Snacks,Online,L,3/19/2011,846883952,4/7/2011,636,152.58,97.44,97040.88,61971.84,35069.04
Sub-Saharan Africa,Cape Verde,Clothes,Online,M,8/8/2012,701885449,9/11/2012,2357,109.28,35.84,257572.96,84474.88,173098.08
Europe,Slovenia,Personal Care,Offline,H,3/23/2018,628037154,5/9/2018,9005,81.73,56.67,735978.65,510313.35,225665.30
Central America and the Caribbean,Saint Lucia,Baby Food,Online,M,2/14/2020,383200395,3/9/2020,6367,255.28,159.42,1625367.76,1015027.14,610340.62
Sub-Saharan Africa,Zambia,Clothes,Online,C,3/12/2017,695548999,3/30/2017,7260,109.28,35.84,793372.80,260198.40,533174.40
Australia and Oceania,Marshall Islands,Fruits,Offline,L,7/15/2020,113569295,8/30/2020,6533,9.33,6.92,60952.89,45208.36,15744.53
Sub-Saharan Africa,Liberia,Cosmetics,Online,L,1/8/2016,856060111,1/22/2016,6065,437.20,263.33,2651618.00,1597096.45,1054521.55
Europe,Kosovo,Snacks,Online,M,5/23/2012,262132775,7/2/2012,9768,152.58,97.44,1490401.44,951793.92,538607.52
Asia,Laos,Household,Offline,L,7/28/2014,241211116,8/27/2014,8584,668.27,502.54,5736429.68,4313803.36,1422626.32
Asia,Indonesia,Beverages,Online,L,4/13/2018,523031461,4/17/2018,5487,47.45,31.79,260358.15,174431.73,85926.42
Sub-Saharan Africa,Uganda,Beverages,Offline,C,5/28/2015,907642638,6/19/2015,481,47.45,31.79,22823.45,15290.99,7532.46
Middle East and North Africa,Iran,Meat,Online,H,1/5/2010,815405976,1/10/2010,5603,421.89,364.69,2363849.67,2043358.07,320491.60
Sub-Saharan Africa,Equatorial Guinea,Baby Food,Offline,H,1/14/2013,636995303,1/26/2013,9921,255.28,159.42,2532632.88,1581605.82,951027.06
Europe,Hungary,Cosmetics,Offline,H,7/13/2015,383396947,7/30/2015,4531,437.20,263.33,1980953.20,1193148.23,787804.97
Middle East and North Africa,Somalia,Baby Food,Online,C,5/18/2015,135909736,6/18/2015,7566,255.28,159.42,1931448.48,1206171.72,725276.76
Europe,Luxembourg,Vegetables,Offline,L,12/25/2011,496144998,1/23/2012,9185,154.06,90.93,1415041.10,835192.05,579849.05
Europe,Estonia,Snacks,Online,M,8/5/2011,336026561,8/28/2011,6581,152.58,97.44,1004128.98,641252.64,362876.34
Europe,Germany,Cereal,Online,M,4/10/2011,847790753,5/22/2011,8979,205.70,117.11,1846980.30,1051530.69,795449.61
Middle East and North Africa,Libya,Snacks,Offline,L,12/7/2014,593986403,1/23/2015,2631,152.58,97.44,401437.98,256364.64,145073.34
Europe,Sweden,Office Supplies,Offline,L,4/17/2017,457474839,5/5/2017,5826,651.21,524.96,3793949.46,3058416.96,735532.50
Middle East and North Africa,Yemen,Office Supplies,Online,M,12/4/2019,491429889,12/25/2019,3880,651.21,524.96,2526694.80,2036844.80,489850.00
Europe,Liechtenstein,Beverages,Offline,H,3/18/2015,369337880,4/22/2015,4141,47.45,31.79,196490.45,131642.39,64848.06
Middle East and North Africa,Libya,Meat,Online,H,1/26/2013,734997642,2/23/2013,990,421.89,364.69,417671.10,361043.10,56628.00
Sub-Saharan Africa,Senegal,Cereal,Online,H,4/3/2014,952520501,5/4/2014,838,205.70,117.11,172376.60,98138.18,74238.42
Australia and Oceania,Kiribati,Beverages,Online,H,8/23/2015,456330287,9/5/2015,7127,47.45,31.79,338176.15,226567.33,111608.82
Sub-Saharan Africa,Zimbabwe,Beverages,Online,C,8/21/2015,101163327,8/27/2015,5331,47.45,31.79,252955.95,169472.49,83483.46
Central America and the Caribbean,Saint Lucia,Cosmetics,Offline,L,6/27/2019,812068450,7/30/2019,7955,437.20,263.33,3477926.00,2094790.15,1383135.85
Sub-Saharan Africa,South Sudan,Office Supplies,Offline,L,7/20/2012,434406983,8/14/2012,9535,651.21,524.96,6209287.35,5005493.60,1203793.75
Sub-Saharan Africa,Gabon,Personal Care,Online,C,2/18/2019,483852756,2/24/2019,1637,81.73,56.67,133792.01,92768.79,41023.22
Europe,Belgium,Fruits,Offline,C,7/23/2011,296392095,8/5/2011,7862,9.33,6.92,73352.46,54405.04,18947.42
Australia and Oceania,Kiribati,Fruits,Online,C,10/13/2011,178323829,10/31/2011,8839,9.33,6.92,82467.87,61165.88,21301.99
Australia and Oceania,Samoa ,Snacks,Online,C,3/10/2011,956259286,3/18/2011,7228,152.58,97.44,1102848.24,704296.32,398551.92
Asia,Tajikistan,Clothes,Offline,M,9/12/2018,827122294,9/22/2018,2722,109.28,35.84,297460.16,97556.48,199903.68
Australia and Oceania,New Zealand,Fruits,Offline,H,8/28/2012,308149182,9/10/2012,7046,9.33,6.92,65739.18,48758.32,16980.86
Europe,San Marino,Clothes,Online,C,5/7/2010,886888778,6/18/2010,8953,109.28,35.84,978383.84,320875.52,657508.32
Central America and the Caribbean,Antigua and Barbuda ,Office Supplies,Online,L,11/8/2019,971202409,12/17/2019,9230,651.21,524.96,6010668.30,4845380.80,1165287.50
Europe,Netherlands,Meat,Online,C,5/4/2013,839263904,6/5/2013,5694,421.89,364.69,2402241.66,2076544.86,325696.80
Europe,Bosnia and Herzegovina,Baby Food,Offline,L,12/10/2017,389559590,12/23/2017,8195,255.28,159.42,2092019.60,1306446.90,785572.70
Sub-Saharan Africa,Burundi,Baby Food,Online,C,3/7/2014,490888297,3/20/2014,3611,255.28,159.42,921816.08,575665.62,346150.46
Asia,Cambodia,Vegetables,Offline,M,2/26/2016,732361352,3/21/2016,854,154.06,90.93,131567.24,77654.22,53913.02
Asia,Turkmenistan,Cereal,Offline,H,9/28/2012,773402583,10/27/2012,5866,205.70,117.11,1206636.20,686967.26,519668.94
Sub-Saharan Africa,Equatorial Guinea,Clothes,Offline,M,9/16/2015,793748319,10/9/2015,6621,109.28,35.84,723542.88,237296.64,486246.24
Australia and Oceania,Nauru,Fruits,Online,C,7/31/2011,143447387,9/7/2011,8124,9.33,6.92,75796.92,56218.08,19578.84
Sub-Saharan Africa,Guinea-Bissau,Baby Food,Offline,C,6/24/2020,492861115,7/16/2020,7411,255.28,159.42,1891880.08,1181461.62,710418.46
Central America and the Caribbean,Dominica,Household,Online,L,11/29/2015,882663333,12/8/2015,8550,668.27,502.54,5713708.50,4296717.00,1416991.50
Sub-Saharan Africa,Botswana,Clothes,Online,L,8/25/2015,873840367,10/13/2015,7638,109.28,35.84,834680.64,273745.92,560934.72
Sub-Saharan Africa,Central African Republic,Personal Care,Offline,C,3/29/2012,997691047,4/24/2012,7806,81.73,56.67,637984.38,442366.02,195618.36
Middle East and North Africa,Qatar,Office Supplies,Online,M,6/9/2010,505826699,7/20/2010,4216,651.21,524.96,2745501.36,2213231.36,532270.00
Middle East and North Africa,Oman,Household,Online,C,2/21/2011,520171153,3/24/2011,9058,668.27,502.54,6053189.66,4552007.32,1501182.34
Europe,Sweden,Cosmetics,Offline,M,10/4/2016,882960736,11/22/2016,6558,437.20,263.33,2867157.60,1726918.14,1140239.46
Europe,Cyprus,Vegetables,Offline,C,2/28/2015,606744277,4/2/2015,7970,154.06,90.93,1227858.20,724712.10,503146.10
Sub-Saharan Africa,Liberia,Beverages,Online,L,2/8/2017,124383103,3/17/2017,6579,47.45,31.79,312173.55,209146.41,103027.14
Europe,Monaco,Baby Food,Offline,H,10/29/2018,839051043,10/30/2018,2704,255.28,159.42,690277.12,431071.68,259205.44
Central America and the Caribbean,Saint Lucia,Vegetables,Online,M,1/16/2018,174234426,2/16/2018,8693,154.06,90.93,1339243.58,790454.49,548789.09
Middle East and North Africa,Qatar,Clothes,Offline,C,5/4/2019,123732078,5/22/2019,3926,109.28,35.84,429033.28,140707.84,288325.44
Sub-Saharan Africa,Sierra Leone,Clothes,Offline,C,2/6/2018,501655328,2/25/2018,9814,109.28,35.84,1072473.92,351733.76,720740.16
Central America and the Caribbean,Panama,Cosmetics,Offline,L,7/27/2016,292428004,8/25/2016,4800,437.20,263.33,2098560.00,1263984.00,834576.00
Europe,Sweden,Vegetables,Offline,C,6/29/2018,800786435,7/2/2018,9356,154.06,90.93,1441385.36,850741.08,590644.28
Sub-Saharan Africa,Namibia,Beverages,Online,C,1/26/2013,701779448,3/6/2013,989,47.45,31.79,46928.05,31440.31,15487.74
Sub-Saharan Africa,Seychelles ,Cereal,Offline,H,5/29/2012,990768373,7/14/2012,9233,205.70,117.11,1899228.10,1081276.63,817951.47
Middle East and North Africa,Saudi Arabia,Fruits,Offline,H,1/24/2014,933427035,2/13/2014,657,9.33,6.92,6129.81,4546.44,1583.37
Europe,Serbia,Meat,Offline,L,2/8/2017,315741765,3/3/2017,3860,421.89,364.69,1628495.40,1407703.40,220792.00
Europe,Vatican City,Cosmetics,Offline,H,10/1/2016,794011390,10/4/2016,4470,437.20,263.33,1954284.00,1177085.10,777198.90
Middle East and North Africa,Iran,Cereal,Offline,H,6/4/2020,944847238,6/28/2020,149,205.70,117.11,30649.30,17449.39,13199.91
Central America and the Caribbean,Panama,Office Supplies,Online,C,4/24/2010,315173137,5/28/2010,5590,651.21,524.96,3640263.90,2934526.40,705737.50
Australia and Oceania,Tuvalu,Baby Food,Offline,H,11/18/2012,772225415,1/6/2013,7516,255.28,159.42,1918684.48,1198200.72,720483.76
Sub-Saharan Africa,Djibouti,Household,Offline,M,9/5/2018,653552901,9/24/2018,9682,668.27,502.54,6470190.14,4865592.28,1604597.86
Middle East and North Africa,Pakistan,Cereal,Online,M,10/2/2019,617016923,10/13/2019,7874,205.70,117.11,1619681.80,922124.14,697557.66
Middle East and North Africa,Somalia,Cereal,Online,L,12/30/2014,490791308,1/28/2015,4909,205.70,117.11,1009781.30,574892.99,434888.31
Europe,Moldova ,Baby Food,Online,H,7/6/2015,623362386,8/13/2015,5637,255.28,159.42,1439013.36,898650.54,540362.82
Sub-Saharan Africa,Nigeria,Household,Offline,H,11/8/2017,533528983,12/22/2017,1937,668.27,502.54,1294438.99,973419.98,321019.01
Europe,Lithuania,Fruits,Offline,L,2/1/2020,260402429,2/17/2020,7720,9.33,6.92,72027.60,53422.40,18605.20
Europe,Portugal,Fruits,Offline,L,6/5/2016,813406550,6/15/2016,3929,9.33,6.92,36657.57,27188.68,9468.89
Middle East and North Africa,Morocco,Snacks,Offline,L,4/19/2013,122277677,6/6/2013,3537,152.58,97.44,539675.46,344645.28,195030.18
Europe,Albania,Vegetables,Offline,L,4/8/2013,687064635,5/14/2013,6549,154.06,90.93,1008938.94,595500.57,413438.37
Asia,Uzbekistan,Clothes,Online,C,6/3/2020,128128755,7/20/2020,5001,109.28,35.84,546509.28,179235.84,367273.44
Sub-Saharan Africa,Central African Republic,Fruits,Online,C,8/7/2013,636143863,9/15/2013,7960,9.33,6.92,74266.80,55083.20,19183.60
Sub-Saharan Africa,Equatorial Guinea,Personal Care,Offline,C,12/7/2015,422096288,1/13/2016,6526,81.73,56.67,533369.98,369828.42,163541.56
Europe,Malta,Beverages,Online,L,8/15/2014,467284858,8/17/2014,8828,47.45,31.79,418888.60,280642.12,138246.48
Sub-Saharan Africa,Mauritania,Snacks,Offline,M,10/4/2019,473320901,10/13/2019,5028,152.58,97.44,767172.24,489928.32,277243.92
Europe,Greece,Fruits,Offline,M,3/16/2016,212128245,4/5/2016,2317,9.33,6.92,21617.61,16033.64,5583.97
Europe,Macedonia,Personal Care,Offline,L,9/20/2011,875943219,10/3/2011,9919,81.73,56.67,810679.87,562109.73,248570.14
Sub-Saharan Africa,Chad,Household,Online,C,3/18/2010,127314651,3/19/2010,4089,668.27,502.54,2732556.03,2054886.06,677669.97
Sub-Saharan Africa,Rwanda,Clothes,Offline,C,2/2/2017,649103868,2/14/2017,3114,109.28,35.84,340297.92,111605.76,228692.16
Sub-Saharan Africa,Seychelles ,Meat,Offline,C,7/19/2012,694484698,8/1/2012,2310,421.89,364.69,974565.90,842433.90,132132.00
Central America and the Caribbean,Trinidad and Tobago,Baby Food,Online,C,5/8/2010,836943471,6/11/2010,9027,255.28,159.42,2304412.56,1439084.34,865328.22
Europe,United Kingdom,Clothes,Online,M,6/3/2020,820279014,7/14/2020,7643,109.28,35.84,835227.04,273925.12,561301.92
Central America and the Caribbean,Saint Lucia,Clothes,Offline,L,6/3/2011,908602654,6/18/2011,4571,109.28,35.84,499518.88,163824.64,335694.24
Central America and the Caribbean,Grenada,Fruits,Online,H,4/26/2012,536338222,5/22/2012,3253,9.33,6.92,30350.49,22510.76,7839.73
Sub-Saharan Africa,Seychelles ,Cereal,Offline,H,10/26/2010,558222043,11/1/2010,9162,205.70,117.11,1884623.40,1072961.82,811661.58
Europe,Andorra,Office Supplies,Online,H,3/4/2012,999302947,4/1/2012,4804,651.21,524.96,3128412.84,2521907.84,606505.00
Central America and the Caribbean,Guatemala,Baby Food,Online,L,6/7/2012,604942262,6/30/2012,4713,255.28,159.42,1203134.64,751346.46,451788.18
Australia and Oceania,Solomon Islands,Household,Online,M,7/7/2014,890813815,7/22/2014,459,668.27,502.54,306735.93,230665.86,76070.07
Europe,Monaco,Baby Food,Online,C,2/16/2012,292903935,3/28/2012,5638,255.28,159.42,1439268.64,898809.96,540458.68
Europe,Italy,Beverages,Online,M,7/16/2016,917511451,8/6/2016,882,47.45,31.79,41850.90,28038.78,13812.12
Asia,Vietnam,Household,Offline,C,2/18/2019,891247689,4/5/2019,8852,668.27,502.54,5915526.04,4448484.08,1467041.96
Europe,Luxembourg,Baby Food,Online,H,2/17/2018,211036479,3/29/2018,9239,255.28,159.42,2358531.92,1472881.38,885650.54
Sub-Saharan Africa,Lesotho,Cereal,Online,M,4/9/2013,294114148,5/21/2013,3767,205.70,117.11,774871.90,441153.37,333718.53
Middle East and North Africa,Syria,Office Supplies,Online,C,2/20/2011,828029525,3/21/2011,1192,651.21,524.96,776242.32,625752.32,150490.00
Sub-Saharan Africa,Angola,Cereal,Online,M,10/26/2019,220643937,12/6/2019,2299,205.70,117.11,472904.30,269235.89,203668.41
Europe,Bosnia and Herzegovina,Office Supplies,Online,M,6/23/2011,550131213,6/30/2011,4906,651.21,524.96,3194836.26,2575453.76,619382.50
Europe,Cyprus,Vegetables,Online,C,4/1/2013,814977681,4/20/2013,8861,154.06,90.93,1365125.66,805730.73,559394.93
Middle East and North Africa,Yemen,Cereal,Offline,C,5/7/2016,983982169,5/14/2016,1045,205.70,117.11,214956.50,122379.95,92576.55
Central America and the Caribbean,Belize,Vegetables,Offline,H,6/27/2013,646256005,7/12/2013,368,154.06,90.93,56694.08,33462.24,23231.84
Asia,South Korea,Cosmetics,Online,C,12/7/2014,361223018,12/31/2014,2773,437.20,263.33,1212355.60,730214.09,482141.51
Europe,Norway,Cosmetics,Online,H,1/21/2011,308619534,2/20/2011,6233,437.20,263.33,2725067.60,1641335.89,1083731.71
Sub-Saharan Africa,Sao Tome and Principe,Fruits,Online,M,6/22/2020,738494384,7/7/2020,5754,9.33,6.92,53684.82,39817.68,13867.14
Middle East and North Africa,Yemen,Snacks,Online,M,7/12/2020,621208894,8/8/2020,8371,152.58,97.44,1277247.18,815670.24,461576.94
Asia,Maldives,Meat,Offline,C,10/20/2016,797436892,10/20/2016,8152,421.89,364.69,3439247.28,2972952.88,466294.40
Central America and the Caribbean,Belize,Clothes,Online,H,5/20/2016,828164708,6/22/2016,1196,109.28,35.84,130698.88,42864.64,87834.24
Europe,Luxembourg,Cereal,Online,M,10/27/2011,344691169,11/7/2011,631,205.70,117.11,129796.70,73896.41,55900.29
Middle East and North Africa,Bahrain,Personal Care,Offline,C,7/20/2018,398627603,8/24/2018,1621,81.73,56.67,132484.33,91862.07,40622.26
Sub-Saharan Africa,Kenya,Household,Online,M,2/2/2016,311897838,3/16/2016,6356,668.27,502.54,4247524.12,3194144.24,1053379.88
Asia,Nepal,Vegetables,Offline,H,7/16/2017,826738202,8/20/2017,9061,154.06,90.93,1395937.66,823916.73,572020.93
Europe,Georgia,Clothes,Offline,L,10/9/2010,955697524,10/10/2010,990,109.28,35.84,108187.20,35481.60,72705.60
Sub-Saharan Africa,Benin,Beverages,Online,L,3/29/2017,231637132,5/14/2017,5430,47.45,31.79,257653.50,172619.70,85033.80
Central America and the Caribbean,The Bahamas,Clothes,Offline,L,10/14/2011,957730853,10/22/2011,2697,109.28,35.84,294728.16,96660.48,198067.68
Europe,Moldova ,Baby Food,Online,C,7/8/2013,557465016,8/21/2013,5141,255.28,159.42,1312394.48,819578.22,492816.26
Asia,Maldives,Personal Care,Online,L,4/29/2016,124638450,6/13/2016,2142,81.73,56.67,175065.66,121387.14,53678.52
Middle East and North Africa,Israel,Cereal,Offline,C,8/8/2015,373362481,8/25/2015,5110,205.70,117.11,1051127.00,598432.10,452694.90
Sub-Saharan Africa,Namibia,Cereal,Online,H,7/31/2013,288060939,8/5/2013,2488,205.70,117.11,511781.60,291369.68,220411.92
Australia and Oceania,Solomon Islands,Cosmetics,Offline,L,1/3/2014,273470151,1/20/2014,4750,437.20,263.33,2076700.00,1250817.50,825882.50
Australia and Oceania,Tuvalu,Clothes,Offline,M,10/14/2016,804638946,12/2/2016,9400,109.28,35.84,1027232.00,336896.00,690336.00
Asia,Taiwan,Cosmetics,Offline,C,8/16/2012,176928651,8/24/2012,5974,437.20,263.33,2611832.80,1573133.42,1038699.38
Australia and Oceania,Tuvalu,Snacks,Offline,M,6/22/2020,356013095,8/4/2020,1041,152.58,97.44,158835.78,101435.04,57400.74
Middle East and North Africa,Afghanistan,Snacks,Offline,M,1/4/2018,227878606,1/18/2018,3198,152.58,97.44,487950.84,311613.12,176337.72
Europe,Sweden,Office Supplies,Online,M,2/24/2011,548824012,3/17/2011,8076,651.21,524.96,5259171.96,4239576.96,1019595.00
Sub-Saharan Africa,South Sudan,Personal Care,Online,H,1/3/2018,795460641,1/28/2018,3335,81.73,56.67,272569.55,188994.45,83575.10
Europe,Portugal,Fruits,Offline,M,1/29/2010,514712321,2/26/2010,3669,9.33,6.92,34231.77,25389.48,8842.29
Europe,France,Office Supplies,Online,H,10/30/2013,673815381,12/11/2013,5800,651.21,524.96,3777018.00,3044768.00,732250.00
Asia,China,Beverages,Offline,H,10/21/2019,510318648,11/10/2019,3483,47.45,31.79,165268.35,110724.57,54543.78
Sub-Saharan Africa,Sierra Leone,Vegetables,Online,C,1/19/2020,682083451,2/15/2020,2505,154.06,90.93,385920.30,227779.65,158140.65
Central America and the Caribbean,Panama,Personal Care,Online,C,6/20/2013,117283618,7/7/2013,5684,81.73,56.67,464553.32,322112.28,142441.04
Australia and Oceania,Solomon Islands,Baby Food,Online,C,2/25/2011,964405477,3/4/2011,7867,255.28,159.42,2008287.76,1254157.14,754130.62
Australia and Oceania,Nauru,Vegetables,Offline,L,5/10/2020,942247855,5/12/2020,934,154.06,90.93,143892.04,84928.62,58963.42
Europe,Slovenia,Snacks,Online,H,10/2/2017,989922082,10/23/2017,8797,152.58,97.44,1342246.26,857179.68,485066.58
Australia and Oceania,Australia,Beverages,Offline,C,12/14/2018,316851985,1/3/2019,2398,47.45,31.79,113785.10,76232.42,37552.68
Europe,Norway,Beverages,Online,C,9/4/2019,452773892,9/23/2019,4711,47.45,31.79,223536.95,149762.69,73774.26
Sub-Saharan Africa,Central African Republic,Baby Food,Offline,C,10/21/2011,297736632,11/17/2011,5741,255.28,159.42,1465562.48,915230.22,550332.26
Middle East and North Africa,Azerbaijan,Cosmetics,Online,H,2/9/2010,172101533,2/24/2010,7523,437.20,263.33,3289055.60,1981031.59,1308024.01
Sub-Saharan Africa,Cote d'Ivoire,Household,Offline,C,10/30/2014,466542422,12/13/2014,9125,668.27,502.54,6097963.75,4585677.50,1512286.25
Middle East and North Africa,Egypt,Fruits,Offline,C,1/2/2017,292045629,2/6/2017,1646,9.33,6.92,15357.18,11390.32,3966.86
Sub-Saharan Africa,Benin,Baby Food,Online,C,7/14/2014,629909980,7/15/2014,3216,255.28,159.42,820980.48,512694.72,308285.76
Europe,Andorra,Personal Care,Offline,L,7/5/2017,281746804,7/22/2017,3995,81.73,56.67,326511.35,226396.65,100114.70
Europe,Poland,Snacks,Online,L,10/17/2010,819479930,12/2/2010,1177,152.58,97.44,179586.66,114686.88,64899.78
North America,Mexico,Vegetables,Offline,C,10/31/2012,735345685,11/13/2012,3984,154.06,90.93,613775.04,362265.12,251509.92
Middle East and North Africa,Yemen,Household,Online,M,11/5/2016,391892898,12/9/2016,8672,668.27,502.54,5795237.44,4358026.88,1437210.56
Middle East and North Africa,Turkey,Vegetables,Offline,L,7/22/2017,671982896,8/27/2017,3527,154.06,90.93,543369.62,320710.11,222659.51
Europe,United Kingdom,Snacks,Offline,C,7/13/2016,728789508,8/17/2016,3866,152.58,97.44,589874.28,376703.04,213171.24
Australia and Oceania,Papua New Guinea,Vegetables,Online,H,11/7/2016,235799062,11/17/2016,7037,154.06,90.93,1084120.22,639874.41,444245.81
Sub-Saharan Africa,Togo,Fruits,Offline,C,9/29/2017,736810386,10/30/2017,7422,9.33,6.92,69247.26,51360.24,17887.02
Europe,Slovakia,Household,Online,L,12/13/2019,695934808,1/9/2020,1430,668.27,502.54,955626.10,718632.20,236993.90
Europe,Czech Republic,Clothes,Offline,H,5/9/2020,447596156,5/26/2020,2504,109.28,35.84,273637.12,89743.36,183893.76
Sub-Saharan Africa,Sierra Leone,Meat,Offline,L,5/13/2017,846530759,6/18/2017,6118,421.89,364.69,2581123.02,2231173.42,349949.60
Australia and Oceania,Samoa ,Snacks,Offline,H,3/21/2016,117787444,3/22/2016,4777,152.58,97.44,728874.66,465470.88,263403.78
Europe,Latvia,Household,Online,H,12/25/2012,606727540,2/13/2013,3017,668.27,502.54,2016170.59,1516163.18,500007.41
Europe,Albania,Snacks,Online,M,7/24/2010,229024875,7/26/2010,2405,152.58,97.44,366954.90,234343.20,132611.70
Central America and the Caribbean,Nicaragua,Baby Food,Online,M,5/14/2013,120665776,6/29/2013,6540,255.28,159.42,1669531.20,1042606.80,626924.40
Sub-Saharan Africa,Tanzania,Clothes,Offline,M,4/11/2011,587949073,4/13/2011,6051,109.28,35.84,661253.28,216867.84,444385.44
Europe,Iceland,Clothes,Offline,M,1/18/2017,657486093,1/29/2017,3600,109.28,35.84,393408.00,129024.00,264384.00
Sub-Saharan Africa,Guinea,Office Supplies,Offline,H,3/26/2018,326200664,5/13/2018,8880,651.21,524.96,5782744.80,4661644.80,1121100.00
Sub-Saharan Africa,Burkina Faso,Cereal,Online,H,7/21/2014,111329114,9/8/2014,3614,205.70,117.11,743399.80,423235.54,320164.26
Asia,Malaysia,Cosmetics,Offline,M,8/5/2012,600420272,9/17/2012,6556,437.20,263.33,2866283.20,1726391.48,1139891.72
Sub-Saharan Africa,Niger,Beverages,Offline,M,6/14/2020,201335465,7/4/2020,8493,47.45,31.79,402992.85,269992.47,133000.38
Middle East and North Africa,Qatar,Meat,Online,H,4/13/2010,992248523,4/22/2010,7243,421.89,364.69,3055749.27,2641449.67,414299.60
Europe,Liechtenstein,Beverages,Offline,M,12/2/2019,171645772,12/4/2019,2653,47.45,31.79,125884.85,84338.87,41545.98
Sub-Saharan Africa,Zambia,Vegetables,Online,M,3/9/2019,408326041,4/8/2019,1604,154.06,90.93,247112.24,145851.72,101260.52
Middle East and North Africa,Iraq,Personal Care,Offline,M,6/29/2011,391400659,8/2/2011,3008,81.73,56.67,245843.84,170463.36,75380.48
Asia,Kazakhstan,Meat,Offline,C,10/16/2017,680293452,12/3/2017,2805,421.89,364.69,1183401.45,1022955.45,160446.00
Middle East and North Africa,Oman,Snacks,Online,C,10/7/2017,554740750,10/22/2017,8970,152.58,97.44,1368642.60,874036.80,494605.80
Sub-Saharan Africa,Mauritania,Meat,Offline,H,5/5/2019,264791381,5/26/2019,6509,421.89,364.69,2746082.01,2373767.21,372314.80
Sub-Saharan Africa,Mozambique,Snacks,Online,H,7/21/2010,580806672,7/31/2010,2456,152.58,97.44,374736.48,239312.64,135423.84
Central America and the Caribbean,Panama,Meat,Offline,L,5/14/2018,543460452,6/2/2018,880,421.89,364.69,371263.20,320927.20,50336.00
North America,Canada,Baby Food,Online,C,10/16/2017,613739049,11/30/2017,7878,255.28,159.42,2011095.84,1255910.76,755185.08
Middle East and North Africa,Jordan,Clothes,Online,H,1/25/2012,422941291,2/18/2012,6582,109.28,35.84,719280.96,235898.88,483382.08
Middle East and North Africa,Azerbaijan,Beverages,Offline,L,8/19/2016,122678506,8/26/2016,2151,47.45,31.79,102064.95,68380.29,33684.66
Europe,Liechtenstein,Snacks,Offline,M,1/4/2011,834874522,2/5/2011,6779,152.58,97.44,1034339.82,660545.76,373794.06
Sub-Saharan Africa,Gabon,Household,Offline,H,12/27/2018,601765668,2/14/2019,4689,668.27,502.54,3133518.03,2356410.06,777107.97
Europe,Netherlands,Office Supplies,Offline,C,9/29/2017,235900771,11/16/2017,7135,651.21,524.96,4646383.35,3745589.60,900793.75
Central America and the Caribbean,Guatemala,Cereal,Offline,H,1/15/2018,170141160,2/16/2018,7405,205.70,117.11,1523208.50,867199.55,656008.95
Sub-Saharan Africa,Ethiopia,Household,Offline,H,2/7/2016,907660663,3/21/2016,5815,668.27,502.54,3885990.05,2922270.10,963719.95
Europe,Andorra,Beverages,Offline,C,5/9/2020,771945607,6/13/2020,4714,47.45,31.79,223679.30,149858.06,73821.24
Australia and Oceania,Tonga,Household,Offline,C,12/25/2013,856794822,2/13/2014,3482,668.27,502.54,2326916.14,1749844.28,577071.86
Central America and the Caribbean,Barbados,Meat,Offline,M,10/8/2013,976319634,11/21/2013,3531,421.89,364.69,1489693.59,1287720.39,201973.20
Asia,Mongolia,Cosmetics,Offline,H,4/4/2011,114943873,4/15/2011,3301,437.20,263.33,1443197.20,869252.33,573944.87
Europe,Ukraine,Cereal,Offline,C,3/11/2010,477403867,3/21/2010,3268,205.70,117.11,672227.60,382715.48,289512.12
Middle East and North Africa,Oman,Clothes,Online,C,6/23/2010,738748443,7/29/2010,936,109.28,35.84,102286.08,33546.24,68739.84
Europe,Montenegro,Meat,Offline,C,7/5/2013,994338929,8/23/2013,5840,421.89,364.69,2463837.60,2129789.60,334048.00
Sub-Saharan Africa,Mauritania,Household,Online,C,11/9/2016,509849154,12/23/2016,4550,668.27,502.54,3040628.50,2286557.00,754071.50
Sub-Saharan Africa,South Sudan,Office Supplies,Online,M,8/2/2019,871265447,9/5/2019,5662,651.21,524.96,3687151.02,2972323.52,714827.50
North America,United States of America,Beverages,Offline,H,11/29/2016,134886634,12/15/2016,4807,47.45,31.79,228092.15,152814.53,75277.62
Central America and the Caribbean,Saint Kitts and Nevis ,Cosmetics,Online,H,4/5/2016,477324044,4/9/2016,9647,437.20,263.33,4217668.40,2540344.51,1677323.89
Europe,France,Fruits,Offline,H,7/6/2010,545501506,8/24/2010,4873,9.33,6.92,45465.09,33721.16,11743.93
Sub-Saharan Africa,Guinea,Baby Food,Online,L,6/11/2015,406655347,6/24/2015,7209,255.28,159.42,1840313.52,1149258.78,691054.74
Europe,Italy,Vegetables,Offline,M,11/26/2010,198334395,1/14/2011,410,154.06,90.93,63164.60,37281.30,25883.30
Central America and the Caribbean,Belize,Snacks,Offline,L,4/29/2010,578399980,5/20/2010,262,152.58,97.44,39975.96,25529.28,14446.68
Asia,Myanmar,Fruits,Online,H,8/10/2012,475025928,9/13/2012,9583,9.33,6.92,89409.39,66314.36,23095.03
Central America and the Caribbean,Dominican Republic,Cosmetics,Offline,H,2/26/2018,236698567,3/3/2018,3221,437.20,263.33,1408221.20,848185.93,560035.27
Asia,Turkmenistan,Cosmetics,Online,L,10/31/2012,282216727,12/9/2012,3056,437.20,263.33,1336083.20,804736.48,531346.72
Central America and the Caribbean,Panama,Personal Care,Offline,C,2/2/2016,650691735,2/6/2016,2999,81.73,56.67,245108.27,169953.33,75154.94
Europe,Montenegro,Snacks,Offline,L,6/14/2011,551547420,6/21/2011,3993,152.58,97.44,609251.94,389077.92,220174.02
Sub-Saharan Africa,Gabon,Cosmetics,Offline,M,1/10/2016,614520108,1/29/2016,9011,437.20,263.33,3939609.20,2372866.63,1566742.57
Middle East and North Africa,Jordan,Clothes,Online,M,1/3/2011,639658629,2/19/2011,8058,109.28,35.84,880578.24,288798.72,591779.52
Middle East and North Africa,Syria,Clothes,Online,M,2/28/2011,947324311,3/12/2011,3170,109.28,35.84,346417.60,113612.80,232804.80
Sub-Saharan Africa,Mauritania,Fruits,Offline,H,9/22/2016,128190982,10/19/2016,3415,9.33,6.92,31861.95,23631.80,8230.15
Sub-Saharan Africa,Benin,Cereal,Online,H,9/29/2018,893244969,10/10/2018,9891,205.70,117.11,2034578.70,1158335.01,876243.69
Australia and Oceania,Samoa ,Fruits,Online,H,2/11/2015,623785102,3/12/2015,728,9.33,6.92,6792.24,5037.76,1754.48
Sub-Saharan Africa,Mali,Meat,Offline,H,12/5/2015,821422708,12/9/2015,6088,421.89,364.69,2568466.32,2220232.72,348233.60
Central America and the Caribbean,Guatemala,Household,Offline,H,9/27/2016,358081614,11/16/2016,3162,668.27,502.54,2113069.74,1589031.48,524038.26
Sub-Saharan Africa,Cote d'Ivoire,Fruits,Offline,L,8/13/2014,425998151,9/23/2014,1174,9.33,6.92,10953.42,8124.08,2829.34
Sub-Saharan Africa,Swaziland,Beverages,Offline,M,6/17/2013,487721145,8/1/2013,6380,47.45,31.79,302731.00,202820.20,99910.80
Sub-Saharan Africa,Democratic Republic of the Congo,Cereal,Offline,C,9/10/2018,526111924,10/16/2018,7065,205.70,117.11,1453270.50,827382.15,625888.35
Middle East and North Africa,Somalia,Vegetables,Online,H,6/29/2010,594344317,8/2/2010,8546,154.06,90.93,1316596.76,777087.78,539508.98
Europe,France,Snacks,Offline,L,4/30/2013,365904653,5/15/2013,8173,152.58,97.44,1247036.34,796377.12,450659.22
Europe,Estonia,Beverages,Offline,L,9/26/2015,484591758,11/15/2015,325,47.45,31.79,15421.25,10331.75,5089.50
Europe,Liechtenstein,Clothes,Offline,L,6/14/2018,314516961,7/1/2018,1413,109.28,35.84,154412.64,50641.92,103770.72
Asia,Sri Lanka,Office Supplies,Online,L,5/14/2018,190104091,6/20/2018,4880,651.21,524.96,3177904.80,2561804.80,616100.00
Australia and Oceania,Fiji,Baby Food,Offline,M,11/18/2013,966089475,12/30/2013,6199,255.28,159.42,1582480.72,988244.58,594236.14
Sub-Saharan Africa,Djibouti,Meat,Offline,M,3/30/2010,867521941,4/2/2010,7876,421.89,364.69,3322805.64,2872298.44,450507.20
Middle East and North Africa,Syria,Personal Care,Online,C,3/15/2014,439762818,3/19/2014,4445,81.73,56.67,363289.85,251898.15,111391.70
Central America and the Caribbean,Jamaica,Fruits,Online,M,12/21/2017,298485934,1/7/2018,7476,9.33,6.92,69751.08,51733.92,18017.16
Sub-Saharan Africa,Tanzania,Cereal,Online,C,4/11/2015,679677617,5/10/2015,566,205.70,117.11,116426.20,66284.26,50141.94
Europe,Romania,Snacks,Online,L,5/15/2017,989636695,5/27/2017,4345,152.58,97.44,662960.10,423376.80,239583.30
Sub-Saharan Africa,Benin,Beverages,Online,H,8/21/2015,254974496,8/26/2015,1474,47.45,31.79,69941.30,46858.46,23082.84
Middle East and North Africa,Jordan,Baby Food,Offline,L,1/1/2019,272614848,2/3/2019,1647,255.28,159.42,420446.16,262564.74,157881.42
Central America and the Caribbean,Nicaragua,Fruits,Offline,H,7/2/2016,659794080,8/5/2016,6585,9.33,6.92,61438.05,45568.20,15869.85
Australia and Oceania,Palau,Fruits,Online,H,9/21/2014,204061019,10/27/2014,5045,9.33,6.92,47069.85,34911.40,12158.45
Asia,Laos,Baby Food,Online,C,1/22/2011,913276994,2/19/2011,7812,255.28,159.42,1994247.36,1245389.04,748858.32
Middle East and North Africa,Morocco,Snacks,Online,H,6/13/2020,365615832,7/24/2020,2704,152.58,97.44,412576.32,263477.76,149098.56
North America,United States of America,Clothes,Online,M,7/24/2016,259563863,8/8/2016,9570,109.28,35.84,1045809.60,342988.80,702820.80
Central America and the Caribbean,Haiti,Snacks,Offline,C,12/30/2011,563919913,1/30/2012,5289,152.58,97.44,806995.62,515360.16,291635.46
Sub-Saharan Africa,Senegal,Beverages,Offline,C,2/28/2010,867795312,3/31/2010,8772,47.45,31.79,416231.40,278861.88,137369.52
Asia,Philippines,Baby Food,Offline,H,8/16/2010,830613887,10/5/2010,5962,255.28,159.42,1521979.36,950462.04,571517.32
Asia,South Korea,Clothes,Offline,H,6/15/2014,632111966,7/14/2014,4833,109.28,35.84,528150.24,173214.72,354935.52
Sub-Saharan Africa,Niger,Beverages,Online,M,11/17/2018,522338378,11/21/2018,388,47.45,31.79,18410.60,12334.52,6076.08
Europe,Montenegro,Baby Food,Offline,H,12/9/2011,371654450,12/31/2011,9666,255.28,159.42,2467536.48,1540953.72,926582.76
Middle East and North Africa,Turkey,Clothes,Offline,L,8/6/2020,120734012,8/22/2020,6732,109.28,35.84,735672.96,241274.88,494398.08
Central America and the Caribbean,The Bahamas,Office Supplies,Online,C,11/13/2019,230563390,12/19/2019,7686,651.21,524.96,5005200.06,4034842.56,970357.50
Asia,India,Personal Care,Offline,H,12/24/2012,332441413,1/9/2013,5657,81.73,56.67,462346.61,320582.19,141764.42
Middle East and North Africa,Oman,Office Supplies,Online,C,5/22/2015,577979409,5/30/2015,5806,651.21,524.96,3780925.26,3047917.76,733007.50
Asia,Mongolia,Fruits,Online,L,4/17/2017,289101207,6/6/2017,326,9.33,6.92,3041.58,2255.92,785.66
Europe,Romania,Cereal,Online,M,5/30/2010,208043134,7/10/2010,3441,205.70,117.11,707813.70,402975.51,304838.19
Central America and the Caribbean,Grenada,Fruits,Online,M,9/10/2014,247354018,10/2/2014,6406,9.33,6.92,59767.98,44329.52,15438.46
Central America and the Caribbean,Guatemala,Office Supplies,Offline,C,7/6/2019,839895188,8/23/2019,2505,651.21,524.96,1631281.05,1315024.80,316256.25
Australia and Oceania,Vanuatu,Clothes,Online,H,5/25/2010,688840472,5/31/2010,2058,109.28,35.84,224898.24,73758.72,151139.52
Middle East and North Africa,Israel,Baby Food,Online,C,3/1/2017,817676198,3/4/2017,7412,255.28,159.42,1892135.36,1181621.04,710514.32
Australia and Oceania,New Zealand,Beverages,Online,M,4/22/2012,520201194,5/24/2012,7948,47.45,31.79,377132.60,252666.92,124465.68
Asia,Bangladesh,Cosmetics,Online,M,8/9/2012,510526788,9/26/2012,5076,437.20,263.33,2219227.20,1336663.08,882564.12
Europe,Liechtenstein,Meat,Offline,H,4/18/2020,673076808,6/2/2020,7240,421.89,364.69,3054483.60,2640355.60,414128.00
Asia,Taiwan,Fruits,Online,M,9/27/2017,512587583,10/28/2017,4911,9.33,6.92,45819.63,33984.12,11835.51
Europe,Sweden,Baby Food,Offline,C,7/12/2015,504107940,7/13/2015,5597,255.28,159.42,1428802.16,892273.74,536528.42
Sub-Saharan Africa,Mozambique,Baby Food,Online,H,1/23/2015,742999207,2/9/2015,8831,255.28,159.42,2254377.68,1407838.02,846539.66
Sub-Saharan Africa,Central African Republic,Household,Online,C,11/28/2013,494935214,12/21/2013,1183,668.27,502.54,790563.41,594504.82,196058.59
Sub-Saharan Africa,Botswana,Cereal,Online,C,2/18/2011,445902287,3/21/2011,1251,205.70,117.11,257330.70,146504.61,110826.09
Central America and the Caribbean,Trinidad and Tobago,Personal Care,Offline,C,8/24/2012,452199256,10/4/2012,4664,81.73,56.67,381188.72,264308.88,116879.84
Europe,Portugal,Baby Food,Offline,L,3/8/2015,890437448,3/20/2015,9083,255.28,159.42,2318708.24,1448011.86,870696.38
Europe,Belgium,Meat,Offline,H,8/13/2011,407540690,10/1/2011,9202,421.89,364.69,3882231.78,3355877.38,526354.40
Middle East and North Africa,Tunisia ,Snacks,Online,M,9/23/2017,870745313,10/5/2017,1743,152.58,97.44,265946.94,169837.92,96109.02
Sub-Saharan Africa,Mali,Beverages,Offline,L,5/13/2013,617600142,5/18/2013,461,47.45,31.79,21874.45,14655.19,7219.26
Europe,Estonia,Office Supplies,Offline,L,12/17/2011,305966508,1/29/2012,1144,651.21,524.96,744984.24,600554.24,144430.00
Central America and the Caribbean,Grenada,Cosmetics,Offline,C,6/1/2012,664018237,6/30/2012,6607,437.20,263.33,2888580.40,1739821.31,1148759.09
Middle East and North Africa,Yemen,Personal Care,Offline,L,2/19/2015,240241658,3/22/2015,1700,81.73,56.67,138941.00,96339.00,42602.00
Europe,Greece,Fruits,Offline,C,9/2/2016,353435599,9/5/2016,8303,9.33,6.92,77466.99,57456.76,20010.23
Sub-Saharan Africa,Rwanda,Personal Care,Offline,H,2/3/2015,142711389,2/18/2015,326,81.73,56.67,26643.98,18474.42,8169.56
Asia,China,Beverages,Offline,L,4/24/2015,617492854,5/17/2015,8712,47.45,31.79,413384.40,276954.48,136429.92
Asia,Tajikistan,Personal Care,Online,H,1/17/2013,607516324,3/5/2013,6435,81.73,56.67,525932.55,364671.45,161261.10
Sub-Saharan Africa,Eritrea,Clothes,Online,H,11/17/2010,812830626,1/1/2011,3500,109.28,35.84,382480.00,125440.00,257040.00
Europe,Latvia,Personal Care,Offline,H,11/17/2012,653797090,12/25/2012,1942,81.73,56.67,158719.66,110053.14,48666.52
Australia and Oceania,New Zealand,Baby Food,Offline,C,4/17/2019,521089541,5/25/2019,830,255.28,159.42,211882.40,132318.60,79563.80
Middle East and North Africa,Pakistan,Cereal,Online,C,6/17/2010,425694310,7/3/2010,1261,205.70,117.11,259387.70,147675.71,111711.99
Europe,France,Clothes,Offline,C,5/13/2016,448910224,6/17/2016,1366,109.28,35.84,149276.48,48957.44,100319.04
Europe,Latvia,Household,Online,C,1/6/2015,292348611,1/25/2015,1305,668.27,502.54,872092.35,655814.70,216277.65
Sub-Saharan Africa,Mozambique,Household,Offline,C,8/31/2012,627933299,10/1/2012,8272,668.27,502.54,5527929.44,4157010.88,1370918.56
Australia and Oceania,Samoa ,Vegetables,Offline,L,1/24/2017,847900617,3/13/2017,1490,154.06,90.93,229549.40,135485.70,94063.70
Central America and the Caribbean,Costa Rica,Vegetables,Online,M,9/28/2010,414799392,10/31/2010,7213,154.06,90.93,1111234.78,655878.09,455356.69
Middle East and North Africa,Turkey,Baby Food,Offline,H,6/29/2020,211490952,7/14/2020,3727,255.28,159.42,951428.56,594158.34,357270.22
Asia,China,Baby Food,Online,C,10/25/2015,291149127,11/4/2015,6352,255.28,159.42,1621538.56,1012635.84,608902.72
Sub-Saharan Africa,Lesotho,Meat,Offline,L,6/22/2010,327260243,8/10/2010,2433,421.89,364.69,1026458.37,887290.77,139167.60
Sub-Saharan Africa,Nigeria,Clothes,Online,C,5/25/2014,963623130,7/11/2014,6353,109.28,35.84,694255.84,227691.52,466564.32
Europe,Iceland,Baby Food,Online,H,8/15/2017,664349114,9/19/2017,4521,255.28,159.42,1154120.88,720737.82,433383.06
Australia and Oceania,New Zealand,Vegetables,Offline,M,1/17/2017,663862025,2/21/2017,381,154.06,90.93,58696.86,34644.33,24052.53
Asia,Laos,Clothes,Offline,L,1/26/2011,916898190,2/22/2011,9405,109.28,35.84,1027778.40,337075.20,690703.20
North America,United States of America,Fruits,Online,H,8/18/2015,548506438,9/20/2015,4099,9.33,6.92,38243.67,28365.08,9878.59
Middle East and North Africa,Azerbaijan,Household,Online,C,2/2/2016,104048097,3/10/2016,8999,668.27,502.54,6013761.73,4522357.46,1491404.27
Asia,Japan,Snacks,Online,C,5/11/2015,199196994,5/21/2015,5672,152.58,97.44,865433.76,552679.68,312754.08
Middle East and North Africa,Morocco,Office Supplies,Online,C,11/6/2017,169939458,12/17/2017,7717,651.21,524.96,5025387.57,4051116.32,974271.25
Asia,Singapore,Cereal,Offline,H,6/9/2013,322574317,6/9/2013,5764,205.70,117.11,1185654.80,675022.04,510632.76
Asia,China,Vegetables,Offline,M,11/22/2014,583712899,12/19/2014,2473,154.06,90.93,380990.38,224869.89,156120.49
Sub-Saharan Africa,Botswana,Clothes,Offline,M,6/9/2020,950279033,7/26/2020,7538,109.28,35.84,823752.64,270161.92,553590.72
Central America and the Caribbean,Saint Kitts and Nevis ,Household,Offline,L,2/13/2019,139509046,4/2/2019,2682,668.27,502.54,1792300.14,1347812.28,444487.86
Sub-Saharan Africa,Zimbabwe,Office Supplies,Offline,H,7/8/2017,538951766,7/14/2017,6659,651.21,524.96,4336407.39,3495708.64,840698.75
Europe,Greece,Fruits,Offline,L,1/11/2013,556468522,1/25/2013,256,9.33,6.92,2388.48,1771.52,616.96
Middle East and North Africa,United Arab Emirates,Vegetables,Offline,L,8/4/2020,470233142,9/23/2020,1291,154.06,90.93,198891.46,117390.63,81500.83
Sub-Saharan Africa,Gabon,Household,Online,M,11/15/2013,178731954,11/19/2013,9612,668.27,502.54,6423411.24,4830414.48,1592996.76
Europe,Italy,Meat,Offline,C,3/3/2016,550763785,3/12/2016,2098,421.89,364.69,885125.22,765119.62,120005.60
Central America and the Caribbean,El Salvador,Meat,Online,L,3/11/2020,275439965,3/17/2020,7661,421.89,364.69,3232099.29,2793890.09,438209.20
Middle East and North Africa,Morocco,Household,Offline,C,10/26/2014,812184321,11/24/2014,2244,668.27,502.54,1499597.88,1127699.76,371898.12
Australia and Oceania,Nauru,Clothes,Offline,L,10/22/2011,540733182,11/12/2011,3820,109.28,35.84,417449.60,136908.80,280540.80
Australia and Oceania,Australia,Meat,Offline,L,1/31/2019,611135375,2/16/2019,7393,421.89,364.69,3119032.77,2696153.17,422879.60
Asia,Tajikistan,Office Supplies,Online,M,12/28/2013,893752229,1/8/2014,10000,651.21,524.96,6512100.00,5249600.00,1262500.00
Australia and Oceania,Fiji,Cosmetics,Offline,H,10/20/2012,429257571,12/1/2012,5709,437.20,263.33,2495974.80,1503350.97,992623.83
Central America and the Caribbean,Saint Vincent and the Grenadines,Cereal,Online,H,12/1/2011,578637731,12/4/2011,618,205.70,117.11,127122.60,72373.98,54748.62
Australia and Oceania,Fiji,Household,Offline,M,7/26/2014,973191535,8/31/2014,7857,668.27,502.54,5250597.39,3948456.78,1302140.61
Europe,Finland,Cosmetics,Offline,H,10/23/2014,864530313,11/29/2014,2586,437.20,263.33,1130599.20,680971.38,449627.82
Sub-Saharan Africa,Niger,Snacks,Offline,H,7/20/2013,474577891,9/3/2013,6999,152.58,97.44,1067907.42,681982.56,385924.86
Middle East and North Africa,Syria,Snacks,Online,H,3/12/2013,545570600,3/23/2013,5319,152.58,97.44,811573.02,518283.36,293289.66
Sub-Saharan Africa,Mauritius ,Fruits,Online,M,4/22/2012,990057265,5/17/2012,8801,9.33,6.92,82113.33,60902.92,21210.41
Sub-Saharan Africa,Benin,Beverages,Offline,C,12/14/2010,440899217,1/24/2011,731,47.45,31.79,34685.95,23238.49,11447.46
Europe,Croatia,Cereal,Offline,M,1/21/2016,301270282,3/9/2016,1426,205.70,117.11,293328.20,166998.86,126329.34
Middle East and North Africa,Algeria,Fruits,Offline,M,8/23/2014,694656789,8/23/2014,3235,9.33,6.92,30182.55,22386.20,7796.35
Australia and Oceania,Tuvalu,Office Supplies,Offline,H,4/21/2011,914857566,6/3/2011,5539,651.21,524.96,3607052.19,2907753.44,699298.75
Europe,Switzerland,Cereal,Offline,M,2/10/2012,775983941,3/11/2012,9747,205.70,117.11,2004957.90,1141471.17,863486.73
Sub-Saharan Africa,Kenya,Baby Food,Online,L,4/25/2019,162459743,5/1/2019,4303,255.28,159.42,1098469.84,685984.26,412485.58
Sub-Saharan Africa,Kenya,Personal Care,Online,H,4/6/2015,379021298,5/6/2015,9680,81.73,56.67,791146.40,548565.60,242580.80
Sub-Saharan Africa,Senegal,Office Supplies,Offline,H,7/21/2010,100717437,9/5/2010,3383,651.21,524.96,2203043.43,1775939.68,427103.75
Middle East and North Africa,Yemen,Household,Online,C,4/13/2017,322909486,4/26/2017,4947,668.27,502.54,3305931.69,2486065.38,819866.31
Central America and the Caribbean,Saint Lucia,Snacks,Offline,C,8/18/2011,311271274,9/17/2011,942,152.58,97.44,143730.36,91788.48,51941.88
Europe,United Kingdom,Baby Food,Online,M,1/15/2014,751789128,1/21/2014,9964,255.28,159.42,2543609.92,1588460.88,955149.04
Sub-Saharan Africa,Mozambique,Office Supplies,Online,H,9/30/2019,600761878,11/11/2019,7645,651.21,524.96,4978500.45,4013319.20,965181.25
Europe,France,Baby Food,Offline,M,10/8/2014,234800851,11/26/2014,1644,255.28,159.42,419680.32,262086.48,157593.84
Europe,Bulgaria,Snacks,Offline,M,5/22/2013,100829875,6/17/2013,6656,152.58,97.44,1015572.48,648560.64,367011.84
Sub-Saharan Africa,Madagascar,Clothes,Online,M,9/5/2020,266085278,10/15/2020,9402,109.28,35.84,1027450.56,336967.68,690482.88
Europe,Austria,Clothes,Online,M,6/29/2016,868115890,8/8/2016,3638,109.28,35.84,397560.64,130385.92,267174.72
Middle East and North Africa,Bahrain,Fruits,Online,C,4/7/2014,764783036,5/20/2014,5150,9.33,6.92,48049.50,35638.00,12411.50
Middle East and North Africa,Iraq,Fruits,Online,H,11/22/2012,684260547,11/24/2012,6756,9.33,6.92,63033.48,46751.52,16281.96
Asia,Bangladesh,Cereal,Offline,L,10/12/2012,975034749,11/17/2012,3305,205.70,117.11,679838.50,387048.55,292789.95
Sub-Saharan Africa,Benin,Meat,Online,L,6/27/2010,255904471,8/13/2010,6675,421.89,364.69,2816115.75,2434305.75,381810.00
Asia,Taiwan,Household,Online,M,10/7/2014,365981042,10/11/2014,778,668.27,502.54,519914.06,390976.12,128937.94
Sub-Saharan Africa,Benin,Fruits,Offline,C,11/3/2019,514688289,11/20/2019,6557,9.33,6.92,61176.81,45374.44,15802.37
North America,United States of America,Fruits,Online,M,9/26/2010,431762540,9/28/2010,6985,9.33,6.92,65170.05,48336.20,16833.85
Europe,Germany,Baby Food,Offline,H,6/2/2011,817252624,6/22/2011,2067,255.28,159.42,527663.76,329521.14,198142.62
Central America and the Caribbean,Guatemala,Meat,Offline,H,4/9/2015,191519868,5/21/2015,3840,421.89,364.69,1620057.60,1400409.60,219648.00
Middle East and North Africa,Iran,Baby Food,Offline,C,10/31/2011,745238101,11/27/2011,1370,255.28,159.42,349733.60,218405.40,131328.20
Sub-Saharan Africa,Nigeria,Vegetables,Online,C,7/15/2013,689393651,9/2/2013,5756,154.06,90.93,886769.36,523393.08,363376.28
Sub-Saharan Africa,Kenya,Vegetables,Offline,C,4/13/2018,105285346,5/2/2018,5128,154.06,90.93,790019.68,466289.04,323730.64
Asia,North Korea,Beverages,Online,C,10/9/2014,494524514,10/20/2014,9648,47.45,31.79,457797.60,306709.92,151087.68
Asia,Singapore,Snacks,Online,H,12/14/2019,729034984,1/24/2020,6507,152.58,97.44,992838.06,634042.08,358795.98
Europe,Armenia,Personal Care,Offline,C,3/8/2020,201053082,4/9/2020,4930,81.73,56.67,402928.90,279383.10,123545.80
Europe,Czech Republic,Beverages,Offline,C,5/21/2019,173127639,7/10/2019,1170,47.45,31.79,55516.50,37194.30,18322.20
Sub-Saharan Africa,Sao Tome and Principe,Cosmetics,Online,C,4/9/2012,628119981,5/1/2012,3515,437.20,263.33,1536758.00,925604.95,611153.05
Sub-Saharan Africa,Sierra Leone,Beverages,Offline,L,2/11/2011,719203937,2/27/2011,7282,47.45,31.79,345530.90,231494.78,114036.12
Europe,Austria,Vegetables,Online,L,12/25/2018,119865834,1/3/2019,9819,154.06,90.93,1512715.14,892841.67,619873.47
Europe,Lithuania,Snacks,Offline,M,9/21/2013,373904502,10/12/2013,5506,152.58,97.44,840105.48,536504.64,303600.84
Europe,Lithuania,Office Supplies,Offline,C,6/18/2017,845431268,7/20/2017,754,651.21,524.96,491012.34,395819.84,95192.50
Sub-Saharan Africa,South Africa,Office Supplies,Online,L,5/25/2016,968869960,6/4/2016,9006,651.21,524.96,5864797.26,4727789.76,1137007.50
Middle East and North Africa,Turkey,Household,Offline,H,8/15/2019,698956906,9/24/2019,5736,668.27,502.54,3833196.72,2882569.44,950627.28
Europe,Moldova ,Fruits,Online,C,12/27/2010,960740935,2/6/2011,3447,9.33,6.92,32160.51,23853.24,8307.27
Asia,Uzbekistan,Beverages,Online,H,8/23/2018,499583375,10/10/2018,6677,47.45,31.79,316823.65,212261.83,104561.82
Europe,Ukraine,Household,Offline,C,5/31/2013,831158053,7/2/2013,6993,668.27,502.54,4673212.11,3514262.22,1158949.89
Central America and the Caribbean,El Salvador,Beverages,Offline,M,5/26/2010,391451299,6/25/2010,7993,47.45,31.79,379267.85,254097.47,125170.38
Sub-Saharan Africa,Malawi,Meat,Online,C,3/6/2010,386761939,3/22/2010,307,421.89,364.69,129520.23,111959.83,17560.40
Europe,Montenegro,Beverages,Offline,C,10/25/2014,743701303,11/21/2014,6597,47.45,31.79,313027.65,209718.63,103309.02
Middle East and North Africa,Morocco,Clothes,Offline,M,11/7/2011,559193217,12/15/2011,6554,109.28,35.84,716221.12,234895.36,481325.76
Sub-Saharan Africa,Republic of the Congo,Fruits,Offline,H,9/17/2011,350474011,10/26/2011,1903,9.33,6.92,17754.99,13168.76,4586.23
Australia and Oceania,East Timor,Snacks,Offline,M,4/15/2010,705092513,4/20/2010,1398,152.58,97.44,213306.84,136221.12,77085.72
Sub-Saharan Africa,Cote d'Ivoire,Household,Online,L,9/2/2015,930910050,10/1/2015,5826,668.27,502.54,3893341.02,2927798.04,965542.98
Europe,Hungary,Baby Food,Offline,M,9/16/2010,406100451,10/23/2010,3003,255.28,159.42,766605.84,478738.26,287867.58
Asia,Cambodia,Snacks,Offline,C,11/9/2011,829150044,12/2/2011,2779,152.58,97.44,424019.82,270785.76,153234.06
Middle East and North Africa,Morocco,Vegetables,Online,H,4/26/2010,368857657,5/12/2010,2033,154.06,90.93,313203.98,184860.69,128343.29
Europe,Latvia,Fruits,Offline,L,3/14/2020,414334619,3/24/2020,9676,9.33,6.92,90277.08,66957.92,23319.16
Europe,Kosovo,Personal Care,Online,C,9/6/2019,625004756,10/13/2019,1651,81.73,56.67,134936.23,93562.17,41374.06
Sub-Saharan Africa,Zambia,Baby Food,Online,M,7/10/2020,280604398,8/20/2020,5932,255.28,159.42,1514320.96,945679.44,568641.52
Asia,Laos,Fruits,Online,M,12/16/2019,531182372,12/22/2019,7523,9.33,6.92,70189.59,52059.16,18130.43
Sub-Saharan Africa,Seychelles ,Beverages,Offline,H,9/17/2016,347100007,10/16/2016,3460,47.45,31.79,164177.00,109993.40,54183.60
Sub-Saharan Africa,Burkina Faso,Household,Online,L,5/16/2016,569031131,6/30/2016,7812,668.27,502.54,5220525.24,3925842.48,1294682.76
Sub-Saharan Africa,Madagascar,Snacks,Offline,C,4/30/2015,757962071,4/30/2015,6675,152.58,97.44,1018471.50,650412.00,368059.50
Sub-Saharan Africa,Tanzania,Beverages,Offline,H,10/26/2016,545191657,11/29/2016,3182,47.45,31.79,150985.90,101155.78,49830.12
Europe,Vatican City,Baby Food,Online,C,11/25/2014,982331216,1/8/2015,2491,255.28,159.42,635902.48,397115.22,238787.26
Central America and the Caribbean,Saint Kitts and Nevis ,Personal Care,Online,H,6/23/2010,491304576,7/11/2010,6797,81.73,56.67,555518.81,385185.99,170332.82
Asia,Myanmar,Household,Online,H,8/24/2016,714348065,9/2/2016,322,668.27,502.54,215182.94,161817.88,53365.06
Asia,Philippines,Office Supplies,Offline,M,8/4/2010,664010512,8/10/2010,4321,651.21,524.96,2813878.41,2268352.16,545526.25
Sub-Saharan Africa,Liberia,Household,Offline,H,10/4/2013,773153245,10/15/2013,2081,668.27,502.54,1390669.87,1045785.74,344884.13
Sub-Saharan Africa,Cameroon,Meat,Online,C,9/8/2011,644950091,9/24/2011,3919,421.89,364.69,1653386.91,1429220.11,224166.80
Middle East and North Africa,Jordan,Household,Online,M,10/16/2012,402887380,11/11/2012,2184,668.27,502.54,1459501.68,1097547.36,361954.32
Asia,Myanmar,Baby Food,Offline,H,12/18/2010,240763938,1/19/2011,6254,255.28,159.42,1596521.12,997012.68,599508.44
Asia,Maldives,Cereal,Offline,C,4/14/2012,872691094,5/25/2012,7543,205.70,117.11,1551595.10,883360.73,668234.37
Middle East and North Africa,Pakistan,Household,Online,M,12/30/2018,383092677,2/15/2019,4491,668.27,502.54,3001200.57,2256907.14,744293.43
Europe,Sweden,Cereal,Offline,M,6/13/2013,976705014,6/19/2013,7573,205.70,117.11,1557766.10,886874.03,670892.07
Europe,Albania,Baby Food,Offline,L,12/9/2016,428576934,12/26/2016,4294,255.28,159.42,1096172.32,684549.48,411622.84
Sub-Saharan Africa,Guinea-Bissau,Meat,Online,C,3/3/2020,634069764,4/10/2020,4188,421.89,364.69,1766875.32,1527321.72,239553.60
Central America and the Caribbean,Trinidad and Tobago,Fruits,Offline,M,1/6/2010,858857333,1/21/2010,3825,9.33,6.92,35687.25,26469.00,9218.25
Europe,Montenegro,Cereal,Offline,M,8/15/2017,888925969,8/25/2017,1803,205.70,117.11,370877.10,211149.33,159727.77
Asia,North Korea,Office Supplies,Offline,L,10/25/2016,580574500,11/16/2016,3751,651.21,524.96,2442688.71,1969124.96,473563.75
Europe,Belgium,Cosmetics,Online,M,1/11/2015,310414254,1/23/2015,7331,437.20,263.33,3205113.20,1930472.23,1274640.97
Europe,Italy,Office Supplies,Online,H,10/30/2015,525369060,12/1/2015,7234,651.21,524.96,4710853.14,3797560.64,913292.50
Europe,Liechtenstein,Beverages,Offline,L,8/9/2013,392675244,9/23/2013,186,47.45,31.79,8825.70,5912.94,2912.76
Sub-Saharan Africa,Niger,Household,Online,H,4/16/2020,949881637,4/18/2020,9940,668.27,502.54,6642603.80,4995247.60,1647356.20
Asia,South Korea,Fruits,Online,L,3/28/2017,154849565,4/18/2017,2282,9.33,6.92,21291.06,15791.44,5499.62
Sub-Saharan Africa,Mozambique,Meat,Online,M,1/15/2014,535752856,1/18/2014,31,421.89,364.69,13078.59,11305.39,1773.20
Sub-Saharan Africa,Malawi,Snacks,Offline,L,2/5/2011,641077840,2/22/2011,8034,152.58,97.44,1225827.72,782832.96,442994.76
Asia,India,Beverages,Offline,L,8/31/2015,889623343,9/17/2015,8172,47.45,31.79,387761.40,259787.88,127973.52
Europe,Netherlands,Cereal,Online,H,2/8/2015,420500695,3/2/2015,4355,205.70,117.11,895823.50,510014.05,385809.45
Europe,Iceland,Household,Online,M,5/5/2014,243133723,6/13/2014,7527,668.27,502.54,5030068.29,3782618.58,1247449.71
Asia,Japan,Baby Food,Offline,C,10/15/2019,987258756,11/21/2019,660,255.28,159.42,168484.80,105217.20,63267.60
Asia,Japan,Vegetables,Online,L,8/16/2012,652924621,9/9/2012,3760,154.06,90.93,579265.60,341896.80,237368.80
Sub-Saharan Africa,South Sudan,Household,Online,M,4/29/2018,460492646,5/23/2018,8862,668.27,502.54,5922208.74,4453509.48,1468699.26
Europe,Netherlands,Cosmetics,Online,H,9/25/2015,800636661,11/9/2015,5035,437.20,263.33,2201302.00,1325866.55,875435.45
Europe,United Kingdom,Household,Online,H,4/13/2017,784342992,4/22/2017,3376,668.27,502.54,2256079.52,1696575.04,559504.48
Europe,Albania,Cosmetics,Online,M,3/5/2010,492910468,4/5/2010,2016,437.20,263.33,881395.20,530873.28,350521.92
Sub-Saharan Africa,Ghana,Office Supplies,Offline,M,3/13/2015,527950417,4/15/2015,1116,651.21,524.96,726750.36,585855.36,140895.00
Europe,Netherlands,Cosmetics,Offline,L,3/18/2017,661386668,4/16/2017,7867,437.20,263.33,3439452.40,2071617.11,1367835.29
Central America and the Caribbean,Trinidad and Tobago,Cereal,Online,L,4/11/2013,285455548,5/26/2013,1495,205.70,117.11,307521.50,175079.45,132442.05
Asia,Uzbekistan,Household,Online,C,1/1/2018,662705886,2/15/2018,8253,668.27,502.54,5515232.31,4147462.62,1367769.69
Europe,Sweden,Meat,Online,C,5/31/2015,875999009,6/7/2015,6428,421.89,364.69,2711908.92,2344227.32,367681.60
Sub-Saharan Africa,Guinea-Bissau,Beverages,Online,C,10/9/2017,978508746,11/28/2017,1337,47.45,31.79,63440.65,42503.23,20937.42
Sub-Saharan Africa,Senegal,Vegetables,Online,H,6/18/2017,643721425,8/6/2017,329,154.06,90.93,50685.74,29915.97,20769.77
Asia,Indonesia,Baby Food,Online,H,9/20/2013,515435874,10/14/2013,7784,255.28,159.42,1987099.52,1240925.28,746174.24
Europe,Sweden,Cereal,Offline,H,12/20/2017,857763421,12/26/2017,113,205.70,117.11,23244.10,13233.43,10010.67
Sub-Saharan Africa,Rwanda,Household,Offline,H,5/31/2016,205127894,6/14/2016,757,668.27,502.54,505880.39,380422.78,125457.61
Europe,Ukraine,Clothes,Offline,C,2/21/2018,312265622,3/24/2018,5192,109.28,35.84,567381.76,186081.28,381300.48
Europe,Iceland,Office Supplies,Offline,H,9/16/2017,304225432,10/13/2017,5921,651.21,524.96,3855814.41,3108288.16,747526.25
Middle East and North Africa,Iran,Office Supplies,Offline,C,3/5/2011,726368653,4/10/2011,7481,651.21,524.96,4871702.01,3927225.76,944476.25
Asia,South Korea,Personal Care,Online,C,2/19/2012,394369113,3/21/2012,1439,81.73,56.67,117609.47,81548.13,36061.34
Asia,Kazakhstan,Personal Care,Online,C,4/25/2014,444213140,6/12/2014,1394,81.73,56.67,113931.62,78997.98,34933.64
Central America and the Caribbean,Barbados,Cosmetics,Online,H,4/12/2018,282199561,4/22/2018,7976,437.20,263.33,3487107.20,2100320.08,1386787.12
Australia and Oceania,Australia,Clothes,Offline,L,5/29/2015,734939706,6/2/2015,3846,109.28,35.84,420290.88,137840.64,282450.24
Sub-Saharan Africa,Mozambique,Beverages,Online,L,8/17/2014,899357402,8/25/2014,8696,47.45,31.79,412625.20,276445.84,136179.36
Sub-Saharan Africa,Senegal,Baby Food,Online,H,9/1/2015,392688977,9/9/2015,4250,255.28,159.42,1084940.00,677535.00,407405.00
Asia,Bhutan,Office Supplies,Offline,C,6/3/2014,702483260,7/5/2014,9262,651.21,524.96,6031507.02,4862179.52,1169327.50
Middle East and North Africa,Afghanistan,Fruits,Offline,C,12/22/2018,236601579,1/12/2019,4520,9.33,6.92,42171.60,31278.40,10893.20
North America,Mexico,Snacks,Offline,M,3/10/2012,173217761,3/12/2012,7840,152.58,97.44,1196227.20,763929.60,432297.60
Europe,France,Cosmetics,Offline,C,7/4/2010,410818135,7/23/2010,9070,437.20,263.33,3965404.00,2388403.10,1577000.90
Asia,Sri Lanka,Vegetables,Online,C,10/30/2015,918201529,10/31/2015,5092,154.06,90.93,784473.52,463015.56,321457.96
Middle East and North Africa,United Arab Emirates,Cosmetics,Offline,H,3/7/2010,384479272,4/18/2010,4815,437.20,263.33,2105118.00,1267933.95,837184.05
Central America and the Caribbean,Nicaragua,Personal Care,Online,H,7/8/2014,269075191,7/31/2014,4183,81.73,56.67,341876.59,237050.61,104825.98
Australia and Oceania,Fiji,Office Supplies,Offline,L,3/20/2019,751725614,4/28/2019,1169,651.21,524.96,761264.49,613678.24,147586.25
Europe,Andorra,Fruits,Online,M,10/22/2010,282479369,11/15/2010,778,9.33,6.92,7258.74,5383.76,1874.98
Sub-Saharan Africa,Benin,Clothes,Online,H,2/8/2020,531697785,3/4/2020,45,109.28,35.84,4917.60,1612.80,3304.80
Europe,Serbia,Meat,Offline,L,8/10/2020,540054690,9/5/2020,3039,421.89,364.69,1282123.71,1108292.91,173830.80
Asia,Brunei,Snacks,Offline,C,5/29/2019,768536412,6/23/2019,5858,152.58,97.44,893813.64,570803.52,323010.12
Australia and Oceania,Australia,Vegetables,Offline,H,9/27/2019,848441779,10/6/2019,1632,154.06,90.93,251425.92,148397.76,103028.16
Sub-Saharan Africa,Guinea,Cereal,Offline,H,8/29/2015,931382119,9/27/2015,5521,205.70,117.11,1135669.70,646564.31,489105.39
Europe,Ukraine,Personal Care,Online,H,10/7/2018,339281260,10/27/2018,9719,81.73,56.67,794333.87,550775.73,243558.14
Australia and Oceania,Tuvalu,Clothes,Online,M,1/28/2010,714375531,3/5/2010,8450,109.28,35.84,923416.00,302848.00,620568.00
Europe,Montenegro,Clothes,Online,C,3/27/2020,169213759,4/11/2020,2967,109.28,35.84,324233.76,106337.28,217896.48
Australia and Oceania,Solomon Islands,Personal Care,Offline,C,3/26/2017,936657273,4/6/2017,6557,81.73,56.67,535903.61,371585.19,164318.42
Asia,Thailand,Cosmetics,Online,C,9/5/2018,819879901,9/19/2018,9537,437.20,263.33,4169576.40,2511378.21,1658198.19
Europe,Armenia,Vegetables,Online,M,8/11/2011,842367970,9/9/2011,4257,154.06,90.93,655833.42,387089.01,268744.41
Middle East and North Africa,Tunisia ,Snacks,Online,L,4/18/2011,297920310,6/6/2011,95,152.58,97.44,14495.10,9256.80,5238.30
Sub-Saharan Africa,Chad,Vegetables,Offline,L,2/16/2013,800648248,3/17/2013,8464,154.06,90.93,1303963.84,769631.52,534332.32
Sub-Saharan Africa,Djibouti,Meat,Offline,M,5/7/2019,434975612,5/21/2019,7804,421.89,364.69,3292429.56,2846040.76,446388.80
Europe,Austria,Clothes,Offline,C,4/22/2012,505638730,5/3/2012,8591,109.28,35.84,938824.48,307901.44,630923.04
Sub-Saharan Africa,Ethiopia,Clothes,Online,L,4/20/2013,587686431,5/7/2013,8329,109.28,35.84,910193.12,298511.36,611681.76
Europe,France,Personal Care,Online,H,1/13/2013,776480042,2/23/2013,6555,81.73,56.67,535740.15,371471.85,164268.30
Sub-Saharan Africa,Cote d'Ivoire,Clothes,Online,H,10/8/2019,337693393,11/6/2019,9834,109.28,35.84,1074659.52,352450.56,722208.96
Europe,Macedonia,Office Supplies,Online,C,3/5/2011,857312810,4/17/2011,6767,651.21,524.96,4406738.07,3552404.32,854333.75
Europe,Finland,Household,Online,M,7/23/2014,391637122,8/22/2014,2982,668.27,502.54,1992781.14,1498574.28,494206.86
Europe,Bulgaria,Personal Care,Online,C,12/15/2015,217277657,12/19/2015,6142,81.73,56.67,501985.66,348067.14,153918.52
Europe,United Kingdom,Cosmetics,Offline,H,12/8/2018,781158244,12/24/2018,938,437.20,263.33,410093.60,247003.54,163090.06
Asia,Malaysia,Vegetables,Online,H,11/22/2017,350515210,12/20/2017,4095,154.06,90.93,630875.70,372358.35,258517.35
Europe,Netherlands,Snacks,Offline,L,1/23/2014,862897384,3/8/2014,9366,152.58,97.44,1429064.28,912623.04,516441.24
Asia,Bhutan,Meat,Offline,L,3/9/2010,276166093,4/6/2010,2539,421.89,364.69,1071178.71,925947.91,145230.80
Europe,Vatican City,Baby Food,Online,H,11/8/2015,218495166,12/11/2015,6430,255.28,159.42,1641450.40,1025070.60,616379.80
Sub-Saharan Africa,Angola,Clothes,Offline,H,1/29/2010,138370931,2/26/2010,5888,109.28,35.84,643440.64,211025.92,432414.72
Europe,Poland,Personal Care,Offline,C,10/24/2010,454592216,11/9/2010,2793,81.73,56.67,228271.89,158279.31,69992.58
Sub-Saharan Africa,Nigeria,Personal Care,Offline,M,2/12/2016,306270349,3/1/2016,1057,81.73,56.67,86388.61,59900.19,26488.42
Middle East and North Africa,Afghanistan,Vegetables,Online,M,3/17/2020,702829158,4/25/2020,1621,154.06,90.93,249731.26,147397.53,102333.73
Central America and the Caribbean,Dominican Republic,Baby Food,Offline,L,10/23/2018,474004971,12/11/2018,7459,255.28,159.42,1904133.52,1189113.78,715019.74
Sub-Saharan Africa,Kenya,Beverages,Offline,H,7/2/2014,319846618,7/8/2014,8577,47.45,31.79,406978.65,272662.83,134315.82
Middle East and North Africa,Oman,Baby Food,Online,H,5/10/2011,560715425,6/13/2011,7009,255.28,159.42,1789257.52,1117374.78,671882.74
Sub-Saharan Africa,Lesotho,Meat,Offline,C,4/21/2020,687285220,5/31/2020,1824,421.89,364.69,769527.36,665194.56,104332.80
Middle East and North Africa,Yemen,Fruits,Online,C,1/1/2011,710542333,2/19/2011,4121,9.33,6.92,38448.93,28517.32,9931.61
Sub-Saharan Africa,Niger,Fruits,Online,C,6/6/2013,711785590,6/27/2013,2028,9.33,6.92,18921.24,14033.76,4887.48
North America,Mexico,Cereal,Offline,H,4/15/2016,392626321,5/17/2016,5708,205.70,117.11,1174135.60,668463.88,505671.72
Sub-Saharan Africa,Sao Tome and Principe,Clothes,Online,L,2/20/2015,424988353,4/6/2015,2353,109.28,35.84,257135.84,84331.52,172804.32
Asia,Nepal,Household,Online,L,9/25/2017,201108014,10/30/2017,1185,668.27,502.54,791899.95,595509.90,196390.05
Asia,Brunei,Household,Online,C,4/16/2017,983534133,5/4/2017,8461,668.27,502.54,5654232.47,4251990.94,1402241.53
Middle East and North Africa,Pakistan,Baby Food,Offline,H,3/22/2019,955128037,4/12/2019,2466,255.28,159.42,629520.48,393129.72,236390.76
Sub-Saharan Africa,Ethiopia,Fruits,Offline,M,5/28/2014,169063556,6/7/2014,8518,9.33,6.92,79472.94,58944.56,20528.38
Europe,Serbia,Personal Care,Offline,C,8/12/2016,998827016,8/28/2016,3965,81.73,56.67,324059.45,224696.55,99362.90
Sub-Saharan Africa,Cote d'Ivoire,Office Supplies,Offline,H,5/21/2014,488217246,5/26/2014,3187,651.21,524.96,2075406.27,1673047.52,402358.75
Sub-Saharan Africa,Benin,Beverages,Online,M,2/23/2019,701345574,3/3/2019,2596,47.45,31.79,123180.20,82526.84,40653.36
Sub-Saharan Africa,South Sudan,Cosmetics,Online,C,2/5/2017,172635829,3/23/2017,5633,437.20,263.33,2462747.60,1483337.89,979409.71
Sub-Saharan Africa,Niger,Cereal,Offline,H,5/2/2017,656824338,6/21/2017,7773,205.70,117.11,1598906.10,910296.03,688610.07
Europe,Ireland,Snacks,Offline,L,5/29/2014,378959929,7/9/2014,1519,152.58,97.44,231769.02,148011.36,83757.66
Europe,Andorra,Cereal,Offline,C,1/24/2015,784403932,1/26/2015,1409,205.70,117.11,289831.30,165007.99,124823.31
Sub-Saharan Africa,Angola,Clothes,Offline,M,7/11/2011,688830173,7/19/2011,9010,109.28,35.84,984612.80,322918.40,661694.40
Central America and the Caribbean,The Bahamas,Meat,Offline,C,11/23/2018,328224980,1/6/2019,7920,421.89,364.69,3341368.80,2888344.80,453024.00
Europe,Italy,Baby Food,Offline,L,5/8/2016,908887183,6/9/2016,8770,255.28,159.42,2238805.60,1398113.40,840692.20
Europe,Romania,Household,Offline,L,8/31/2016,557428109,9/11/2016,4220,668.27,502.54,2820099.40,2120718.80,699380.60
Europe,Slovakia,Fruits,Offline,M,1/25/2018,170771586,1/31/2018,3962,9.33,6.92,36965.46,27417.04,9548.42
Asia,South Korea,Beverages,Offline,M,4/15/2020,266153943,4/20/2020,9721,47.45,31.79,461261.45,309030.59,152230.86
Middle East and North Africa,Afghanistan,Cosmetics,Offline,C,3/22/2019,531124007,4/29/2019,251,437.20,263.33,109737.20,66095.83,43641.37
Central America and the Caribbean,Panama,Baby Food,Online,L,4/3/2012,273543107,5/15/2012,6339,255.28,159.42,1618219.92,1010563.38,607656.54
Sub-Saharan Africa,Kenya,Beverages,Offline,C,5/3/2014,671585071,6/18/2014,5801,47.45,31.79,275257.45,184413.79,90843.66
Sub-Saharan Africa,Eritrea,Household,Online,C,7/7/2020,723736226,8/20/2020,8487,668.27,502.54,5671607.49,4265056.98,1406550.51
Asia,Laos,Personal Care,Online,L,4/25/2011,398795402,5/9/2011,1276,81.73,56.67,104287.48,72310.92,31976.56
Middle East and North Africa,Israel,Fruits,Offline,C,7/11/2011,185873925,7/12/2011,3080,9.33,6.92,28736.40,21313.60,7422.80
Australia and Oceania,Fiji,Snacks,Online,L,1/9/2010,644395625,2/15/2010,9840,152.58,97.44,1501387.20,958809.60,542577.60
Asia,Cambodia,Baby Food,Offline,H,7/29/2018,154096829,8/13/2018,9531,255.28,159.42,2433073.68,1519432.02,913641.66
Central America and the Caribbean,Antigua and Barbuda ,Office Supplies,Offline,C,1/6/2013,765026366,1/26/2013,7157,651.21,524.96,4660709.97,3757138.72,903571.25
North America,Canada,Household,Online,M,6/20/2013,547545564,8/8/2013,9755,668.27,502.54,6518973.85,4902277.70,1616696.15
Europe,Georgia,Office Supplies,Offline,C,10/26/2014,342328250,12/1/2014,1391,651.21,524.96,905833.11,730219.36,175613.75
Europe,Austria,Baby Food,Online,H,6/17/2013,610360753,7/15/2013,8165,255.28,159.42,2084361.20,1301664.30,782696.90
Asia,Bhutan,Beverages,Offline,M,8/19/2012,982941901,9/2/2012,3207,47.45,31.79,152172.15,101950.53,50221.62
Asia,Maldives,Office Supplies,Online,M,2/1/2017,711683022,3/15/2017,1676,651.21,524.96,1091427.96,879832.96,211595.00
Europe,Norway,Clothes,Offline,L,1/10/2017,918507945,1/10/2017,5767,109.28,35.84,630217.76,206689.28,423528.48
Australia and Oceania,New Zealand,Baby Food,Online,H,11/12/2014,545652997,12/23/2014,9702,255.28,159.42,2476726.56,1546692.84,930033.72
Sub-Saharan Africa,Rwanda,Vegetables,Offline,L,11/9/2019,405667006,11/11/2019,4737,154.06,90.93,729782.22,430735.41,299046.81
Middle East and North Africa,Qatar,Household,Offline,C,9/6/2010,931411302,10/14/2010,4157,668.27,502.54,2777998.39,2089058.78,688939.61
Central America and the Caribbean,Nicaragua,Baby Food,Offline,C,8/25/2015,826059710,10/4/2015,8280,255.28,159.42,2113718.40,1319997.60,793720.80
Europe,Netherlands,Cosmetics,Offline,C,2/3/2011,213098561,2/13/2011,9455,437.20,263.33,4133726.00,2489785.15,1643940.85
Europe,Russia,Snacks,Online,M,4/17/2012,186326682,5/31/2012,7061,152.58,97.44,1077367.38,688023.84,389343.54
Europe,Latvia,Clothes,Offline,L,8/21/2014,559855401,10/6/2014,2509,109.28,35.84,274183.52,89922.56,184260.96
Europe,Belgium,Personal Care,Online,C,5/14/2020,318108546,5/24/2020,4243,81.73,56.67,346780.39,240450.81,106329.58
Asia,Vietnam,Household,Offline,L,11/1/2011,765822446,12/16/2011,2735,668.27,502.54,1827718.45,1374446.90,453271.55
Europe,Armenia,Household,Offline,L,5/1/2010,578045928,6/16/2010,5490,668.27,502.54,3668802.30,2758944.60,909857.70
Australia and Oceania,Solomon Islands,Snacks,Online,C,4/5/2017,750140321,4/27/2017,2046,152.58,97.44,312178.68,199362.24,112816.44
Sub-Saharan Africa,Seychelles ,Meat,Offline,M,6/29/2019,547779452,7/19/2019,8968,421.89,364.69,3783509.52,3270539.92,512969.60
Europe,Portugal,Snacks,Offline,M,2/2/2016,656949651,2/4/2016,4855,152.58,97.44,740775.90,473071.20,267704.70
Sub-Saharan Africa,Central African Republic,Cereal,Offline,L,12/19/2012,933949744,1/4/2013,5339,205.70,117.11,1098232.30,625250.29,472982.01
Europe,Italy,Cosmetics,Online,L,7/19/2017,855391061,8/13/2017,8078,437.20,263.33,3531701.60,2127179.74,1404521.86
Sub-Saharan Africa,Cote d'Ivoire,Cosmetics,Offline,M,1/8/2012,868197429,2/5/2012,7767,437.20,263.33,3395732.40,2045284.11,1350448.29
Sub-Saharan Africa,Mali,Snacks,Offline,H,2/27/2012,139605176,4/7/2012,1129,152.58,97.44,172262.82,110009.76,62253.06
Asia,Taiwan,Fruits,Offline,H,3/14/2019,607163131,3/27/2019,1918,9.33,6.92,17894.94,13272.56,4622.38
Asia,China,Beverages,Offline,C,6/30/2014,228732621,7/12/2014,5920,47.45,31.79,280904.00,188196.80,92707.20
Europe,Belarus,Personal Care,Online,H,5/3/2018,632487475,6/13/2018,5954,81.73,56.67,486620.42,337413.18,149207.24
Central America and the Caribbean,Dominica,Beverages,Offline,C,6/4/2020,366914021,6/20/2020,6867,47.45,31.79,325839.15,218301.93,107537.22
Australia and Oceania,Marshall Islands,Vegetables,Offline,M,4/29/2017,750811088,6/12/2017,540,154.06,90.93,83192.40,49102.20,34090.20
Europe,Belgium,Fruits,Offline,L,10/17/2017,923290002,11/28/2017,884,9.33,6.92,8247.72,6117.28,2130.44
Australia and Oceania,Solomon Islands,Cosmetics,Offline,L,1/18/2016,993774592,2/3/2016,8841,437.20,263.33,3865285.20,2328100.53,1537184.67
Middle East and North Africa,Libya,Fruits,Online,C,7/4/2018,692001187,8/12/2018,7384,9.33,6.92,68892.72,51097.28,17795.44
Central America and the Caribbean,Dominica,Household,Online,M,1/17/2017,718018615,2/2/2017,6519,668.27,502.54,4356452.13,3276058.26,1080393.87
Central America and the Caribbean,Haiti,Personal Care,Offline,H,10/1/2015,492188203,10/22/2015,8282,81.73,56.67,676887.86,469340.94,207546.92
Middle East and North Africa,Israel,Cereal,Online,C,11/6/2014,405183780,11/19/2014,1739,205.70,117.11,357712.30,203654.29,154058.01
Asia,Malaysia,Baby Food,Online,L,2/1/2016,467991673,2/16/2016,7991,255.28,159.42,2039942.48,1273925.22,766017.26
Europe,Norway,Office Supplies,Offline,C,5/9/2017,761910712,6/17/2017,5166,651.21,524.96,3364150.86,2711943.36,652207.50
Europe,Ireland,Baby Food,Online,H,1/19/2018,988552224,1/28/2018,3426,255.28,159.42,874589.28,546172.92,328416.36
Europe,Croatia,Meat,Online,L,9/26/2013,919840037,11/4/2013,9963,421.89,364.69,4203290.07,3633406.47,569883.60
Central America and the Caribbean,Dominican Republic,Personal Care,Offline,C,3/1/2012,848010480,3/4/2012,4001,81.73,56.67,327001.73,226736.67,100265.06
Australia and Oceania,Federated States of Micronesia,Snacks,Offline,M,3/30/2017,235612380,4/18/2017,1794,152.58,97.44,273728.52,174807.36,98921.16
Asia,Bhutan,Household,Offline,C,1/1/2013,865507066,1/13/2013,1629,668.27,502.54,1088611.83,818637.66,269974.17
Sub-Saharan Africa,Kenya,Household,Online,M,9/16/2011,990868365,9/16/2011,8823,668.27,502.54,5896146.21,4433910.42,1462235.79
Middle East and North Africa,Egypt,Baby Food,Online,H,6/7/2016,285182607,6/18/2016,726,255.28,159.42,185333.28,115738.92,69594.36
Europe,San Marino,Cereal,Online,L,9/20/2015,292248618,10/4/2015,1715,205.70,117.11,352775.50,200843.65,151931.85
Sub-Saharan Africa,Swaziland,Beverages,Online,H,4/19/2010,376177728,5/29/2010,8204,47.45,31.79,389279.80,260805.16,128474.64
Australia and Oceania,Solomon Islands,Clothes,Online,C,6/15/2018,871393764,6/21/2018,3634,109.28,35.84,397123.52,130242.56,266880.96
Middle East and North Africa,Morocco,Personal Care,Online,L,3/12/2017,832633054,4/28/2017,3478,81.73,56.67,284256.94,197098.26,87158.68
Europe,Norway,Vegetables,Online,L,10/9/2011,284944427,11/11/2011,243,154.06,90.93,37436.58,22095.99,15340.59
Europe,Netherlands,Beverages,Online,H,8/17/2019,673689210,10/4/2019,8463,47.45,31.79,401569.35,269038.77,132530.58
Europe,Czech Republic,Cereal,Offline,H,8/2/2011,814541232,8/16/2011,9706,205.70,117.11,1996524.20,1136669.66,859854.54
Asia,Thailand,Meat,Offline,H,6/13/2013,943486821,7/1/2013,7572,421.89,364.69,3194551.08,2761432.68,433118.40
Europe,Albania,Baby Food,Offline,M,2/4/2015,466824805,3/8/2015,2689,255.28,159.42,686447.92,428680.38,257767.54
Asia,Malaysia,Snacks,Online,C,8/6/2018,211166512,9/21/2018,7718,152.58,97.44,1177612.44,752041.92,425570.52
Middle East and North Africa,Pakistan,Snacks,Online,M,6/27/2011,173435771,7/29/2011,2354,152.58,97.44,359173.32,229373.76,129799.56
Europe,Cyprus,Cereal,Online,H,11/20/2014,870868909,12/22/2014,8318,205.70,117.11,1711012.60,974120.98,736891.62
Europe,France,Cereal,Offline,H,12/29/2013,191014754,1/19/2014,4365,205.70,117.11,897880.50,511185.15,386695.35
Middle East and North Africa,Iraq,Baby Food,Online,L,11/24/2016,141734635,1/3/2017,1283,255.28,159.42,327524.24,204535.86,122988.38
Asia,Maldives,Cosmetics,Online,M,2/25/2017,101202380,3/14/2017,6888,437.20,263.33,3011433.60,1813817.04,1197616.56
Middle East and North Africa,Kuwait,Office Supplies,Online,M,7/2/2020,867904317,8/18/2020,1029,651.21,524.96,670095.09,540183.84,129911.25
Asia,Mongolia,Beverages,Online,C,2/28/2018,610639274,3/5/2018,586,47.45,31.79,27805.70,18628.94,9176.76
Middle East and North Africa,Iran,Personal Care,Offline,C,7/15/2013,718518579,8/23/2013,4469,81.73,56.67,365251.37,253258.23,111993.14
Europe,Belarus,Vegetables,Offline,M,11/21/2016,850966060,12/20/2016,8622,154.06,90.93,1328305.32,783998.46,544306.86
Middle East and North Africa,Bahrain,Clothes,Offline,C,8/8/2018,287718045,8/27/2018,1018,109.28,35.84,111247.04,36485.12,74761.92
Sub-Saharan Africa,Swaziland,Clothes,Offline,L,11/23/2015,178823363,1/7/2016,6662,109.28,35.84,728023.36,238766.08,489257.28
Europe,Portugal,Snacks,Online,H,3/13/2018,394643342,3/13/2018,2590,152.58,97.44,395182.20,252369.60,142812.60
Europe,Armenia,Personal Care,Online,M,5/23/2020,875851809,6/15/2020,2869,81.73,56.67,234483.37,162586.23,71897.14
Central America and the Caribbean,Jamaica,Vegetables,Online,L,11/16/2018,283435094,11/25/2018,3598,154.06,90.93,554307.88,327166.14,227141.74
Middle East and North Africa,Azerbaijan,Clothes,Online,H,11/21/2016,948692023,1/7/2017,7907,109.28,35.84,864076.96,283386.88,580690.08
Europe,Norway,Snacks,Offline,H,3/8/2019,323233926,4/10/2019,956,152.58,97.44,145866.48,93152.64,52713.84
Europe,Netherlands,Cereal,Offline,M,12/17/2015,428984630,12/25/2015,4940,205.70,117.11,1016158.00,578523.40,437634.60
Australia and Oceania,Tuvalu,Office Supplies,Online,C,4/28/2020,208180463,5/22/2020,4080,651.21,524.96,2656936.80,2141836.80,515100.00
Europe,Croatia,Cereal,Online,C,2/23/2020,473370254,3/12/2020,9632,205.70,117.11,1981302.40,1128003.52,853298.88
North America,Mexico,Beverages,Offline,H,6/29/2015,757415330,8/12/2015,4882,47.45,31.79,231650.90,155198.78,76452.12
Middle East and North Africa,Jordan,Cereal,Online,M,4/13/2013,663489520,5/26/2013,148,205.70,117.11,30443.60,17332.28,13111.32
Sub-Saharan Africa,Angola,Cosmetics,Offline,L,3/31/2011,315079152,4/20/2011,7778,437.20,263.33,3400541.60,2048180.74,1352360.86
Sub-Saharan Africa,Gabon,Cereal,Offline,M,12/17/2013,805983054,1/3/2014,7151,205.70,117.11,1470960.70,837453.61,633507.09
Middle East and North Africa,Afghanistan,Vegetables,Offline,C,10/25/2016,150312554,12/5/2016,9680,154.06,90.93,1491300.80,880202.40,611098.40
Australia and Oceania,East Timor,Snacks,Offline,L,5/12/2011,932491481,6/15/2011,3806,152.58,97.44,580719.48,370856.64,209862.84
Asia,North Korea,Clothes,Offline,L,1/12/2012,857256162,1/18/2012,3,109.28,35.84,327.84,107.52,220.32
Sub-Saharan Africa,Sudan,Snacks,Online,H,9/22/2018,399655425,9/24/2018,5776,152.58,97.44,881302.08,562813.44,318488.64
Sub-Saharan Africa,Botswana,Fruits,Online,C,6/18/2011,555050599,7/19/2011,662,9.33,6.92,6176.46,4581.04,1595.42
Asia,South Korea,Office Supplies,Offline,C,11/20/2019,589115512,12/30/2019,1226,651.21,524.96,798383.46,643600.96,154782.50
Central America and the Caribbean,Barbados,Meat,Offline,M,12/23/2010,287836492,2/2/2011,6069,421.89,364.69,2560450.41,2213303.61,347146.80
Asia,Taiwan,Household,Online,H,1/17/2012,407512366,2/17/2012,820,668.27,502.54,547981.40,412082.80,135898.60
Europe,United Kingdom,Beverages,Offline,L,10/23/2019,424754464,11/15/2019,3140,47.45,31.79,148993.00,99820.60,49172.40
Australia and Oceania,Tonga,Fruits,Online,H,6/18/2016,786486613,7/6/2016,7721,9.33,6.92,72036.93,53429.32,18607.61
Central America and the Caribbean,Grenada,Personal Care,Offline,M,10/13/2017,659945142,11/12/2017,1288,81.73,56.67,105268.24,72990.96,32277.28
Sub-Saharan Africa,Sao Tome and Principe,Clothes,Online,H,4/22/2014,182678878,5/2/2014,7594,109.28,35.84,829872.32,272168.96,557703.36
Asia,Philippines,Meat,Offline,M,6/22/2019,912549149,7/17/2019,2427,421.89,364.69,1023927.03,885102.63,138824.40
Asia,Thailand,Office Supplies,Offline,L,10/16/2010,877729785,11/12/2010,8603,651.21,524.96,5602359.63,4516230.88,1086128.75
Central America and the Caribbean,Costa Rica,Cosmetics,Offline,H,1/19/2010,426707112,2/21/2010,972,437.20,263.33,424958.40,255956.76,169001.64
Europe,Slovenia,Vegetables,Online,H,10/24/2013,878279960,12/13/2013,1412,154.06,90.93,217532.72,128393.16,89139.56
Sub-Saharan Africa,Mauritius ,Cosmetics,Offline,M,2/21/2020,471559655,4/5/2020,3836,437.20,263.33,1677099.20,1010133.88,666965.32
Sub-Saharan Africa,South Sudan,Fruits,Offline,H,7/22/2012,215970027,8/14/2012,9185,9.33,6.92,85696.05,63560.20,22135.85
Sub-Saharan Africa,Sudan,Personal Care,Online,H,11/13/2018,741247403,11/20/2018,434,81.73,56.67,35470.82,24594.78,10876.04
Europe,Norway,Personal Care,Online,L,4/4/2020,947440612,4/8/2020,7586,81.73,56.67,620003.78,429898.62,190105.16
Asia,Maldives,Vegetables,Online,M,2/12/2010,254910981,3/22/2010,2679,154.06,90.93,412726.74,243601.47,169125.27
Central America and the Caribbean,Saint Lucia,Snacks,Online,H,1/23/2010,854332339,2/7/2010,4779,152.58,97.44,729179.82,465665.76,263514.06
Australia and Oceania,Marshall Islands,Baby Food,Online,C,2/21/2011,956691014,3/3/2011,4986,255.28,159.42,1272826.08,794868.12,477957.96
Asia,Uzbekistan,Snacks,Online,H,4/2/2011,643285834,5/8/2011,1428,152.58,97.44,217884.24,139144.32,78739.92
Europe,Armenia,Baby Food,Online,M,6/24/2020,515728127,7/8/2020,4268,255.28,159.42,1089535.04,680404.56,409130.48
Sub-Saharan Africa,Rwanda,Office Supplies,Online,H,1/1/2013,345941722,1/11/2013,698,651.21,524.96,454544.58,366422.08,88122.50
Middle East and North Africa,Algeria,Personal Care,Offline,M,12/15/2017,426162946,12/15/2017,9941,81.73,56.67,812477.93,563356.47,249121.46
Australia and Oceania,Federated States of Micronesia,Cosmetics,Offline,H,11/13/2017,218940627,1/1/2018,8252,437.20,263.33,3607774.40,2172999.16,1434775.24
Sub-Saharan Africa,Sao Tome and Principe,Meat,Online,L,2/23/2018,607136094,3/27/2018,3917,421.89,364.69,1652543.13,1428490.73,224052.40
Sub-Saharan Africa,South Africa,Fruits,Online,M,5/16/2020,743923175,6/3/2020,2254,9.33,6.92,21029.82,15597.68,5432.14
Australia and Oceania,Australia,Personal Care,Online,M,12/2/2016,302788197,1/6/2017,611,81.73,56.67,49937.03,34625.37,15311.66
Europe,Belarus,Snacks,Offline,H,9/20/2017,827529990,9/21/2017,3369,152.58,97.44,514042.02,328275.36,185766.66
Middle East and North Africa,Iran,Cereal,Offline,H,10/23/2012,782259881,12/11/2012,6937,205.70,117.11,1426940.90,812392.07,614548.83
Asia,Vietnam,Personal Care,Offline,H,6/23/2020,501401698,8/7/2020,4760,81.73,56.67,389034.80,269749.20,119285.60
Central America and the Caribbean,Trinidad and Tobago,Fruits,Online,M,9/22/2017,839691770,10/14/2017,2309,9.33,6.92,21542.97,15978.28,5564.69
Central America and the Caribbean,Dominica,Cereal,Offline,L,7/1/2020,922178924,7/4/2020,2091,205.70,117.11,430118.70,244877.01,185241.69
Sub-Saharan Africa,Botswana,Beverages,Online,C,2/27/2014,394224488,3/20/2014,8641,47.45,31.79,410015.45,274697.39,135318.06
Asia,North Korea,Personal Care,Offline,H,4/24/2012,771502292,6/11/2012,3527,81.73,56.67,288261.71,199875.09,88386.62
Sub-Saharan Africa,Ghana,Clothes,Offline,C,5/15/2019,489998662,6/4/2019,348,109.28,35.84,38029.44,12472.32,25557.12
Middle East and North Africa,Pakistan,Cosmetics,Online,L,7/4/2014,756012427,7/14/2014,9732,437.20,263.33,4254830.40,2562727.56,1692102.84
Sub-Saharan Africa,Equatorial Guinea,Fruits,Online,L,7/1/2010,596154916,7/8/2010,4342,9.33,6.92,40510.86,30046.64,10464.22
Asia,Cambodia,Meat,Online,L,4/6/2016,907349956,5/13/2016,3870,421.89,364.69,1632714.30,1411350.30,221364.00
Central America and the Caribbean,Saint Lucia,Office Supplies,Online,H,2/25/2010,406833875,4/2/2010,39,651.21,524.96,25397.19,20473.44,4923.75
Central America and the Caribbean,Haiti,Fruits,Online,L,2/18/2020,582155501,3/21/2020,1604,9.33,6.92,14965.32,11099.68,3865.64
Sub-Saharan Africa,Liberia,Cosmetics,Offline,C,7/9/2011,741176164,7/25/2011,9352,437.20,263.33,4088694.40,2462662.16,1626032.24
Europe,Montenegro,Personal Care,Offline,M,8/21/2020,262069690,9/7/2020,1100,81.73,56.67,89903.00,62337.00,27566.00
Sub-Saharan Africa,Republic of the Congo,Vegetables,Online,H,6/18/2010,843322408,7/15/2010,6696,154.06,90.93,1031585.76,608867.28,422718.48
Middle East and North Africa,Bahrain,Meat,Online,M,12/25/2014,653733146,1/19/2015,3020,421.89,364.69,1274107.80,1101363.80,172744.00
Middle East and North Africa,Pakistan,Cereal,Online,H,3/20/2016,182413232,3/25/2016,8984,205.70,117.11,1848008.80,1052116.24,795892.56
Sub-Saharan Africa,Democratic Republic of the Congo,Beverages,Online,L,9/25/2013,888786494,11/13/2013,529,47.45,31.79,25101.05,16816.91,8284.14
Europe,Hungary,Clothes,Offline,C,4/19/2019,252589261,4/20/2019,5630,109.28,35.84,615246.40,201779.20,413467.20
Europe,Armenia,Fruits,Offline,M,6/11/2019,323870360,7/29/2019,9292,9.33,6.92,86694.36,64300.64,22393.72
Europe,Poland,Cereal,Online,C,11/24/2012,972991120,12/25/2012,8549,205.70,117.11,1758529.30,1001173.39,757355.91
Europe,Andorra,Snacks,Online,M,12/10/2015,340625369,1/18/2016,7471,152.58,97.44,1139925.18,727974.24,411950.94
Asia,China,Beverages,Online,L,4/8/2014,687759435,4/26/2014,2155,47.45,31.79,102254.75,68507.45,33747.30
Europe,Iceland,Clothes,Online,H,2/14/2011,745692145,2/20/2011,5732,109.28,35.84,626392.96,205434.88,420958.08
Sub-Saharan Africa,Sudan,Meat,Offline,H,4/2/2011,666034829,4/4/2011,3362,421.89,364.69,1418394.18,1226087.78,192306.40
Europe,Sweden,Personal Care,Online,L,7/24/2015,670711314,9/7/2015,7237,81.73,56.67,591480.01,410120.79,181359.22
Asia,Mongolia,Baby Food,Online,H,10/4/2015,601957929,11/8/2015,1583,255.28,159.42,404108.24,252361.86,151746.38
Sub-Saharan Africa,Rwanda,Baby Food,Offline,H,5/29/2010,372323501,6/9/2010,7653,255.28,159.42,1953657.84,1220041.26,733616.58
Australia and Oceania,Australia,Office Supplies,Online,L,4/11/2010,414669358,5/9/2010,8733,651.21,524.96,5687016.93,4584475.68,1102541.25
Sub-Saharan Africa,Mauritius ,Fruits,Offline,M,8/3/2011,332169330,8/28/2011,5141,9.33,6.92,47965.53,35575.72,12389.81
Australia and Oceania,Federated States of Micronesia,Vegetables,Online,L,1/25/2012,248309743,2/1/2012,9226,154.06,90.93,1421357.56,838920.18,582437.38
Asia,Philippines,Office Supplies,Online,C,4/18/2016,356889426,5/6/2016,367,651.21,524.96,238994.07,192660.32,46333.75
Australia and Oceania,Palau,Cosmetics,Online,L,8/31/2019,472019708,9/13/2019,9976,437.20,263.33,4361507.20,2626980.08,1734527.12
Central America and the Caribbean,Honduras,Fruits,Online,L,9/19/2013,478124415,10/26/2013,6494,9.33,6.92,60589.02,44938.48,15650.54
Asia,India,Baby Food,Offline,H,11/22/2012,779939877,1/7/2013,397,255.28,159.42,101346.16,63289.74,38056.42
North America,United States of America,Cosmetics,Online,H,2/2/2017,952514922,3/11/2017,9187,437.20,263.33,4016556.40,2419212.71,1597343.69
Europe,Moldova ,Beverages,Online,H,1/9/2017,191210877,1/27/2017,2403,47.45,31.79,114022.35,76391.37,37630.98
Europe,Croatia,Personal Care,Offline,M,4/3/2010,461701571,5/11/2010,6610,81.73,56.67,540235.30,374588.70,165646.60
Sub-Saharan Africa,Djibouti,Vegetables,Online,L,3/25/2017,649973332,3/31/2017,408,154.06,90.93,62856.48,37099.44,25757.04
Central America and the Caribbean,El Salvador,Office Supplies,Offline,C,10/16/2011,612324988,11/8/2011,9426,651.21,524.96,6138305.46,4948272.96,1190032.50
Sub-Saharan Africa,Democratic Republic of the Congo,Snacks,Online,C,1/18/2012,725367867,3/8/2012,1326,152.58,97.44,202321.08,129205.44,73115.64
Europe,Bulgaria,Personal Care,Online,C,11/19/2010,536025798,12/26/2010,800,81.73,56.67,65384.00,45336.00,20048.00
Europe,Poland,Meat,Offline,C,5/19/2013,111535108,7/6/2013,4572,421.89,364.69,1928881.08,1667362.68,261518.40
Central America and the Caribbean,Saint Lucia,Meat,Offline,M,1/31/2010,489444625,3/8/2010,6396,421.89,364.69,2698408.44,2332557.24,365851.20
Middle East and North Africa,Somalia,Fruits,Online,M,6/4/2014,527615678,6/19/2014,2059,9.33,6.92,19210.47,14248.28,4962.19
Asia,Cambodia,Meat,Online,H,8/11/2014,954222095,9/21/2014,4378,421.89,364.69,1847034.42,1596612.82,250421.60
Central America and the Caribbean,Jamaica,Household,Online,M,1/15/2011,317750203,2/12/2011,8201,668.27,502.54,5480482.27,4121330.54,1359151.73
Asia,Singapore,Meat,Offline,M,12/20/2010,836998832,1/22/2011,5409,421.89,364.69,2282003.01,1972608.21,309394.80
Europe,Latvia,Fruits,Offline,M,6/17/2012,751079308,7/10/2012,9913,9.33,6.92,92488.29,68597.96,23890.33
Sub-Saharan Africa,Niger,Office Supplies,Offline,H,6/5/2020,169415462,6/12/2020,2655,651.21,524.96,1728962.55,1393768.80,335193.75
Central America and the Caribbean,Jamaica,Cosmetics,Online,C,11/24/2019,621743619,11/27/2019,6608,437.20,263.33,2889017.60,1740084.64,1148932.96
Europe,Ireland,Clothes,Online,H,6/12/2013,108112609,7/3/2013,1778,109.28,35.84,194299.84,63723.52,130576.32
Central America and the Caribbean,Grenada,Fruits,Offline,C,11/5/2015,748883759,12/7/2015,201,9.33,6.92,1875.33,1390.92,484.41
Middle East and North Africa,Egypt,Clothes,Online,L,8/21/2016,234730899,10/5/2016,944,109.28,35.84,103160.32,33832.96,69327.36
Sub-Saharan Africa,South Africa,Cereal,Offline,L,7/24/2017,376640355,8/27/2017,5106,205.70,117.11,1050304.20,597963.66,452340.54
Sub-Saharan Africa,South Sudan,Office Supplies,Offline,C,7/5/2016,355910956,7/15/2016,816,651.21,524.96,531387.36,428367.36,103020.00
Middle East and North Africa,Tunisia ,Fruits,Online,H,11/19/2012,774154031,1/6/2013,8236,9.33,6.92,76841.88,56993.12,19848.76
Europe,Monaco,Meat,Offline,C,12/7/2012,503293406,12/18/2012,4558,421.89,364.69,1922974.62,1662257.02,260717.60
Sub-Saharan Africa,Guinea-Bissau,Clothes,Offline,M,9/21/2013,735565412,10/17/2013,9006,109.28,35.84,984175.68,322775.04,661400.64
Asia,Bhutan,Household,Online,H,2/27/2019,933518874,3/4/2019,7835,668.27,502.54,5235895.45,3937400.90,1298494.55
Sub-Saharan Africa,Gabon,Personal Care,Offline,C,4/8/2013,180015122,5/8/2013,9330,81.73,56.67,762540.90,528731.10,233809.80
Asia,India,Cereal,Offline,C,1/4/2019,328227984,1/18/2019,8809,205.70,117.11,1812011.30,1031621.99,780389.31
Sub-Saharan Africa,Equatorial Guinea,Vegetables,Online,H,1/28/2018,151643788,3/6/2018,3622,154.06,90.93,558005.32,329348.46,228656.86
Middle East and North Africa,Iran,Snacks,Offline,H,5/22/2020,294061362,6/8/2020,8147,152.58,97.44,1243069.26,793843.68,449225.58
Europe,United Kingdom,Meat,Online,M,12/29/2015,119592034,2/3/2016,8795,421.89,364.69,3710522.55,3207448.55,503074.00
Europe,Greece,Personal Care,Offline,C,6/21/2012,862659633,7/1/2012,9010,81.73,56.67,736387.30,510596.70,225790.60
Middle East and North Africa,Bahrain,Cereal,Online,M,12/3/2018,678000485,12/29/2018,4265,205.70,117.11,877310.50,499474.15,377836.35
Sub-Saharan Africa,Kenya,Baby Food,Offline,H,3/14/2019,490663421,3/15/2019,7065,255.28,159.42,1803553.20,1126302.30,677250.90
Australia and Oceania,New Zealand,Cosmetics,Online,L,1/21/2020,846009767,2/12/2020,1945,437.20,263.33,850354.00,512176.85,338177.15
Sub-Saharan Africa,Rwanda,Vegetables,Offline,L,9/15/2013,559713351,9/24/2013,474,154.06,90.93,73024.44,43100.82,29923.62
Europe,Portugal,Fruits,Offline,L,4/5/2015,767760503,4/5/2015,6249,9.33,6.92,58303.17,43243.08,15060.09
Middle East and North Africa,Saudi Arabia,Meat,Offline,C,8/3/2014,876450049,8/20/2014,9901,421.89,364.69,4177132.89,3610795.69,566337.20
Europe,Romania,Clothes,Online,L,10/6/2013,812393319,11/24/2013,4091,109.28,35.84,447064.48,146621.44,300443.04
Sub-Saharan Africa,South Africa,Office Supplies,Online,H,1/7/2011,572514140,1/26/2011,8511,651.21,524.96,5542448.31,4467934.56,1074513.75
Asia,Indonesia,Beverages,Offline,H,10/11/2016,674048840,10/28/2016,4886,47.45,31.79,231840.70,155325.94,76514.76
Australia and Oceania,Marshall Islands,Personal Care,Online,L,3/30/2016,804546248,4/20/2016,1969,81.73,56.67,160926.37,111583.23,49343.14
Europe,Portugal,Personal Care,Online,M,7/1/2017,271867692,7/22/2017,546,81.73,56.67,44624.58,30941.82,13682.76
Sub-Saharan Africa,Seychelles ,Cosmetics,Offline,L,2/4/2014,254186999,3/22/2014,8437,437.20,263.33,3688656.40,2221715.21,1466941.19
Europe,Belarus,Office Supplies,Offline,H,10/14/2011,649990499,11/19/2011,5488,651.21,524.96,3573840.48,2880980.48,692860.00
Europe,Bulgaria,Vegetables,Online,H,6/21/2012,528077018,7/13/2012,8579,154.06,90.93,1321680.74,780088.47,541592.27
Europe,Estonia,Clothes,Online,C,7/26/2019,377557885,9/13/2019,6623,109.28,35.84,723761.44,237368.32,486393.12
Middle East and North Africa,Morocco,Clothes,Offline,H,3/31/2011,757856929,5/18/2011,5561,109.28,35.84,607706.08,199306.24,408399.84
Central America and the Caribbean,Saint Lucia,Beverages,Online,M,8/30/2020,948710477,9/11/2020,3367,47.45,31.79,159764.15,107036.93,52727.22
Sub-Saharan Africa,Eritrea,Baby Food,Offline,C,12/18/2012,300167357,1/15/2013,5046,255.28,159.42,1288142.88,804433.32,483709.56
Europe,Switzerland,Personal Care,Online,H,12/17/2018,482588899,1/26/2019,7634,81.73,56.67,623926.82,432618.78,191308.04
Europe,Denmark,Office Supplies,Offline,L,2/27/2012,536648929,3/31/2012,5198,651.21,524.96,3384989.58,2728742.08,656247.50
Europe,Slovakia,Household,Online,C,4/30/2010,923333775,5/5/2010,3838,668.27,502.54,2564820.26,1928748.52,636071.74
Central America and the Caribbean,Saint Vincent and the Grenadines,Beverages,Offline,M,9/18/2016,373942267,11/2/2016,6682,47.45,31.79,317060.90,212420.78,104640.12
Europe,Ireland,Vegetables,Online,M,9/7/2014,840085732,9/7/2014,8892,154.06,90.93,1369901.52,808549.56,561351.96
Central America and the Caribbean,Nicaragua,Vegetables,Online,C,10/29/2015,743687999,11/7/2015,2660,154.06,90.93,409799.60,241873.80,167925.80
Middle East and North Africa,Saudi Arabia,Snacks,Offline,L,11/10/2011,826985394,12/4/2011,2211,152.58,97.44,337354.38,215439.84,121914.54
Europe,Montenegro,Cosmetics,Online,C,1/13/2012,102526748,2/15/2012,8798,437.20,263.33,3846485.60,2316777.34,1529708.26
Europe,Germany,Cereal,Online,L,6/4/2016,803173387,7/14/2016,5708,205.70,117.11,1174135.60,668463.88,505671.72
Europe,Sweden,Household,Online,M,7/24/2010,732099139,8/28/2010,3259,668.27,502.54,2177891.93,1637777.86,540114.07
Europe,Belarus,Clothes,Offline,H,7/23/2013,912790334,8/15/2013,3799,109.28,35.84,415154.72,136156.16,278998.56
Europe,Switzerland,Baby Food,Offline,M,4/20/2019,639045798,6/7/2019,6708,255.28,159.42,1712418.24,1069389.36,643028.88
Sub-Saharan Africa,Rwanda,Cosmetics,Online,L,6/26/2012,624976861,7/10/2012,3396,437.20,263.33,1484731.20,894268.68,590462.52
Europe,Iceland,Snacks,Offline,C,9/28/2016,755007350,10/15/2016,2308,152.58,97.44,352154.64,224891.52,127263.12
Asia,Laos,Meat,Online,C,6/4/2014,533873593,6/17/2014,3915,421.89,364.69,1651699.35,1427761.35,223938.00
Europe,Albania,Household,Online,H,2/16/2016,436624419,4/5/2016,5723,668.27,502.54,3824509.21,2876036.42,948472.79
Middle East and North Africa,Tunisia ,Household,Offline,L,7/24/2012,558621156,8/27/2012,7269,668.27,502.54,4857654.63,3652963.26,1204691.37
Central America and the Caribbean,Panama,Beverages,Offline,L,12/25/2011,165537631,1/8/2012,5118,47.45,31.79,242849.10,162701.22,80147.88
Australia and Oceania,New Zealand,Vegetables,Online,H,6/16/2013,843360173,6/16/2013,7871,154.06,90.93,1212606.26,715710.03,496896.23
Asia,Uzbekistan,Office Supplies,Offline,C,3/15/2012,648387610,4/28/2012,1157,651.21,524.96,753449.97,607378.72,146071.25
Australia and Oceania,Tonga,Baby Food,Offline,L,8/25/2015,857231271,8/29/2015,2637,255.28,159.42,673173.36,420390.54,252782.82
Sub-Saharan Africa,Central African Republic,Cereal,Offline,H,8/31/2016,116814982,10/3/2016,7004,205.70,117.11,1440722.80,820238.44,620484.36
Europe,Ireland,Personal Care,Online,C,5/5/2020,294375073,6/18/2020,981,81.73,56.67,80177.13,55593.27,24583.86
Europe,Sweden,Office Supplies,Online,C,3/23/2017,627460372,5/2/2017,8322,651.21,524.96,5419369.62,4368717.12,1050652.50
Europe,Netherlands,Cosmetics,Offline,L,1/17/2010,873932206,2/20/2010,4815,437.20,263.33,2105118.00,1267933.95,837184.05
Australia and Oceania,Papua New Guinea,Household,Offline,H,2/5/2019,861964404,3/9/2019,3277,668.27,502.54,2189920.79,1646823.58,543097.21
Sub-Saharan Africa,Djibouti,Vegetables,Online,H,9/11/2012,940043294,9/11/2012,8555,154.06,90.93,1317983.30,777906.15,540077.15
Sub-Saharan Africa,Kenya,Beverages,Offline,C,6/28/2019,626967704,8/12/2019,2531,47.45,31.79,120095.95,80460.49,39635.46
Asia,Kazakhstan,Personal Care,Offline,L,2/22/2016,861848962,3/25/2016,9115,81.73,56.67,744968.95,516547.05,228421.90
Sub-Saharan Africa,Senegal,Snacks,Offline,H,4/9/2018,854110896,4/28/2018,9249,152.58,97.44,1411212.42,901222.56,509989.86
Europe,Moldova ,Beverages,Online,C,11/26/2010,333489835,12/24/2010,5908,47.45,31.79,280334.60,187815.32,92519.28
Europe,Hungary,Cereal,Online,H,12/30/2017,900034606,1/15/2018,9096,205.70,117.11,1871047.20,1065232.56,805814.64
Middle East and North Africa,Israel,Vegetables,Online,C,7/20/2011,174106538,7/24/2011,848,154.06,90.93,130642.88,77108.64,53534.24
Sub-Saharan Africa,The Gambia,Snacks,Offline,M,3/10/2013,346379458,3/12/2013,234,152.58,97.44,35703.72,22800.96,12902.76
Sub-Saharan Africa,Sierra Leone,Office Supplies,Offline,M,12/14/2013,527839696,1/18/2014,8351,651.21,524.96,5438254.71,4383940.96,1054313.75
Sub-Saharan Africa,Cameroon,Cosmetics,Online,L,9/29/2011,799786078,10/11/2011,3328,437.20,263.33,1455001.60,876362.24,578639.36
Europe,Andorra,Household,Online,H,8/25/2016,863829934,9/3/2016,5329,668.27,502.54,3561210.83,2678035.66,883175.17
Asia,Myanmar,Snacks,Offline,C,7/15/2013,491895091,8/24/2013,1543,152.58,97.44,235430.94,150349.92,85081.02
Europe,Portugal,Cosmetics,Offline,M,2/27/2010,876217877,3/28/2010,1196,437.20,263.33,522891.20,314942.68,207948.52
Asia,Turkmenistan,Office Supplies,Offline,M,6/4/2010,579347121,7/16/2010,542,651.21,524.96,352955.82,284528.32,68427.50
Sub-Saharan Africa,Cote d'Ivoire,Snacks,Online,L,10/1/2019,484144151,10/6/2019,7868,152.58,97.44,1200499.44,766657.92,433841.52
Middle East and North Africa,Tunisia ,Cereal,Offline,L,4/26/2018,643782794,6/3/2018,8490,205.70,117.11,1746393.00,994263.90,752129.10
Central America and the Caribbean,Haiti,Vegetables,Online,H,11/25/2019,731749379,12/12/2019,9757,154.06,90.93,1503163.42,887204.01,615959.41
Asia,Taiwan,Baby Food,Online,L,1/12/2013,491842734,1/23/2013,6050,255.28,159.42,1544444.00,964491.00,579953.00
Australia and Oceania,Fiji,Cereal,Offline,H,11/4/2019,188174188,11/4/2019,3779,205.70,117.11,777340.30,442558.69,334781.61
Central America and the Caribbean,Saint Vincent and the Grenadines,Snacks,Online,C,10/31/2015,155167567,11/5/2015,6386,152.58,97.44,974375.88,622251.84,352124.04
Sub-Saharan Africa,Djibouti,Cosmetics,Online,L,2/4/2010,347559201,2/11/2010,9346,437.20,263.33,4086071.20,2461082.18,1624989.02
Asia,Indonesia,Cosmetics,Offline,C,7/27/2018,790397918,8/24/2018,5163,437.20,263.33,2257263.60,1359572.79,897690.81
Europe,Bulgaria,Meat,Online,C,12/5/2015,229045045,12/6/2015,8374,421.89,364.69,3532906.86,3053914.06,478992.80
Sub-Saharan Africa,Cape Verde,Fruits,Online,M,10/9/2015,179174411,11/28/2015,545,9.33,6.92,5084.85,3771.40,1313.45
Middle East and North Africa,Oman,Snacks,Offline,C,10/27/2011,876772344,11/4/2011,5275,152.58,97.44,804859.50,513996.00,290863.50
Europe,Bosnia and Herzegovina,Cereal,Online,L,5/3/2015,828137671,5/4/2015,3195,205.70,117.11,657211.50,374166.45,283045.05
Middle East and North Africa,United Arab Emirates,Meat,Online,C,9/12/2017,859881722,9/29/2017,6965,421.89,364.69,2938463.85,2540065.85,398398.00
Sub-Saharan Africa,Liberia,Meat,Online,H,2/18/2017,968928325,3/19/2017,6278,421.89,364.69,2648625.42,2289523.82,359101.60
Europe,Slovakia,Personal Care,Online,C,5/19/2013,772513806,6/16/2013,2857,81.73,56.67,233502.61,161906.19,71596.42
Europe,Denmark,Cereal,Offline,C,1/8/2013,858186995,2/16/2013,5458,205.70,117.11,1122710.60,639186.38,483524.22
Middle East and North Africa,Kuwait,Cereal,Offline,H,6/15/2013,533809220,6/19/2013,4866,205.70,117.11,1000936.20,569857.26,431078.94
Europe,France,Baby Food,Online,M,12/1/2018,977554309,12/2/2018,8898,255.28,159.42,2271481.44,1418519.16,852962.28
Australia and Oceania,Kiribati,Household,Online,M,10/11/2013,287908589,11/2/2013,7404,668.27,502.54,4947871.08,3720806.16,1227064.92
Europe,Ukraine,Fruits,Online,M,8/18/2010,233670890,10/5/2010,7264,9.33,6.92,67773.12,50266.88,17506.24
Europe,Ukraine,Household,Online,C,11/20/2012,403952538,12/11/2012,7388,668.27,502.54,4937178.76,3712765.52,1224413.24
Sub-Saharan Africa,Ghana,Clothes,Offline,C,2/13/2020,458177363,3/8/2020,3718,109.28,35.84,406303.04,133253.12,273049.92
Australia and Oceania,Samoa ,Fruits,Online,C,1/1/2012,576081693,1/2/2012,4230,9.33,6.92,39465.90,29271.60,10194.30
Middle East and North Africa,Yemen,Beverages,Offline,M,11/6/2017,107714354,12/12/2017,3926,47.45,31.79,186288.70,124807.54,61481.16
Central America and the Caribbean,Nicaragua,Vegetables,Online,C,12/31/2014,723436677,1/26/2015,9844,154.06,90.93,1516566.64,895114.92,621451.72
Europe,Norway,Cereal,Offline,H,9/26/2019,563922488,9/30/2019,6051,205.70,117.11,1244690.70,708632.61,536058.09
Asia,Brunei,Personal Care,Online,M,9/30/2017,990158116,10/21/2017,8645,81.73,56.67,706555.85,489912.15,216643.70
Australia and Oceania,Tuvalu,Fruits,Offline,C,4/14/2012,733442389,4/25/2012,757,9.33,6.92,7062.81,5238.44,1824.37
Australia and Oceania,Kiribati,Vegetables,Online,H,10/14/2018,845386636,11/9/2018,7547,154.06,90.93,1162690.82,686248.71,476442.11
Sub-Saharan Africa,Mauritania,Cosmetics,Online,L,10/5/2016,647914683,10/6/2016,1208,437.20,263.33,528137.60,318102.64,210034.96
Europe,Poland,Snacks,Offline,L,4/28/2019,883262860,6/8/2019,5963,152.58,97.44,909834.54,581034.72,328799.82
Asia,Nepal,Office Supplies,Online,C,4/30/2014,563979995,6/1/2014,3068,651.21,524.96,1997912.28,1610577.28,387335.00
Sub-Saharan Africa,Senegal,Beverages,Offline,C,7/18/2012,122927415,8/16/2012,5809,47.45,31.79,275637.05,184668.11,90968.94
Middle East and North Africa,Turkey,Vegetables,Offline,C,3/15/2010,963278949,4/7/2010,4502,154.06,90.93,693578.12,409366.86,284211.26
Sub-Saharan Africa,Central African Republic,Fruits,Online,C,9/19/2015,508520925,10/6/2015,1497,9.33,6.92,13967.01,10359.24,3607.77
Australia and Oceania,Solomon Islands,Clothes,Online,M,4/12/2012,752452170,4/17/2012,6173,109.28,35.84,674585.44,221240.32,453345.12
Sub-Saharan Africa,Lesotho,Vegetables,Offline,C,9/2/2016,609184014,10/16/2016,9942,154.06,90.93,1531664.52,904026.06,627638.46
Middle East and North Africa,Jordan,Personal Care,Online,L,6/8/2020,863140285,7/4/2020,1246,81.73,56.67,101835.58,70610.82,31224.76
Middle East and North Africa,Bahrain,Cosmetics,Online,C,8/16/2016,119057309,8/25/2016,558,437.20,263.33,243957.60,146938.14,97019.46
Asia,Kyrgyzstan,Office Supplies,Online,L,10/31/2015,651983916,12/10/2015,5384,651.21,524.96,3506114.64,2826384.64,679730.00
Asia,Uzbekistan,Household,Offline,M,6/18/2019,757281434,7/15/2019,5260,668.27,502.54,3515100.20,2643360.40,871739.80
Asia,Cambodia,Office Supplies,Online,C,5/19/2014,600623691,6/6/2014,6752,651.21,524.96,4396969.92,3544529.92,852440.00
Middle East and North Africa,Tunisia ,Personal Care,Online,C,5/8/2010,867997014,5/31/2010,8460,81.73,56.67,691435.80,479428.20,212007.60
Sub-Saharan Africa,Eritrea,Personal Care,Online,M,4/15/2013,515700232,5/28/2013,6014,81.73,56.67,491524.22,340813.38,150710.84
Europe,Bulgaria,Fruits,Offline,L,11/30/2019,820344674,1/6/2020,7074,9.33,6.92,66000.42,48952.08,17048.34
Middle East and North Africa,Afghanistan,Clothes,Offline,C,6/3/2012,428854167,6/10/2012,6333,109.28,35.84,692070.24,226974.72,465095.52
Europe,Germany,Beverages,Offline,H,4/12/2017,308465039,4/30/2017,515,47.45,31.79,24436.75,16371.85,8064.90
Europe,Malta,Meat,Offline,L,5/3/2014,596726119,5/24/2014,3374,421.89,364.69,1423456.86,1230464.06,192992.80
Sub-Saharan Africa,Comoros,Vegetables,Online,H,1/10/2017,151498734,2/10/2017,697,154.06,90.93,107379.82,63378.21,44001.61
Australia and Oceania,Tonga,Cereal,Offline,M,7/23/2013,600956714,7/25/2013,5301,205.70,117.11,1090415.70,620800.11,469615.59
Sub-Saharan Africa,Uganda,Fruits,Online,H,1/9/2015,493586385,1/10/2015,2035,9.33,6.92,18986.55,14082.20,4904.35
Europe,Ukraine,Office Supplies,Online,L,12/24/2017,248186576,1/27/2018,2778,651.21,524.96,1809061.38,1458338.88,350722.50
Sub-Saharan Africa,Gabon,Baby Food,Online,M,6/29/2020,803868615,7/17/2020,1442,255.28,159.42,368113.76,229883.64,138230.12
Australia and Oceania,Kiribati,Office Supplies,Offline,L,10/13/2016,470056331,10/23/2016,8969,651.21,524.96,5840702.49,4708366.24,1132336.25
Europe,Belarus,Snacks,Online,M,4/8/2013,776486051,5/9/2013,8332,152.58,97.44,1271296.56,811870.08,459426.48
Europe,Malta,Personal Care,Offline,M,7/9/2012,623206603,8/17/2012,9538,81.73,56.67,779540.74,540518.46,239022.28
Sub-Saharan Africa,Niger,Personal Care,Online,H,8/14/2018,330579316,8/18/2018,4621,81.73,56.67,377674.33,261872.07,115802.26
Europe,Lithuania,Cereal,Online,L,5/29/2010,289278018,7/7/2010,2649,205.70,117.11,544899.30,310224.39,234674.91
Australia and Oceania,East Timor,Beverages,Online,L,1/6/2011,510289037,1/20/2011,4721,47.45,31.79,224011.45,150080.59,73930.86
Central America and the Caribbean,The Bahamas,Cereal,Online,C,5/5/2018,174911201,6/17/2018,8966,205.70,117.11,1844306.20,1050008.26,794297.94
Europe,Hungary,Vegetables,Online,M,5/23/2010,784755837,7/12/2010,5546,154.06,90.93,854416.76,504297.78,350118.98
Sub-Saharan Africa,Malawi,Vegetables,Online,M,10/22/2014,311746776,12/8/2014,1653,154.06,90.93,254661.18,150307.29,104353.89
Middle East and North Africa,Morocco,Clothes,Offline,H,12/15/2017,848120343,12/25/2017,6512,109.28,35.84,711631.36,233390.08,478241.28
Europe,Cyprus,Vegetables,Online,H,1/19/2013,956425368,1/24/2013,6375,154.06,90.93,982132.50,579678.75,402453.75
Sub-Saharan Africa,Gabon,Vegetables,Offline,M,3/16/2016,619523179,3/25/2016,9531,154.06,90.93,1468345.86,866653.83,601692.03
North America,Canada,Fruits,Online,C,4/17/2018,790587604,5/27/2018,1295,9.33,6.92,12082.35,8961.40,3120.95
Central America and the Caribbean,Antigua and Barbuda ,Meat,Offline,L,9/12/2011,243104970,10/7/2011,9018,421.89,364.69,3804604.02,3288774.42,515829.60
Asia,Taiwan,Vegetables,Online,H,1/15/2017,520874106,2/17/2017,7078,154.06,90.93,1090436.68,643602.54,446834.14
Europe,Lithuania,Snacks,Online,H,8/31/2013,988006341,10/14/2013,1887,152.58,97.44,287918.46,183869.28,104049.18
Australia and Oceania,Vanuatu,Fruits,Offline,H,11/10/2019,178925502,12/8/2019,6887,9.33,6.92,64255.71,47658.04,16597.67
Europe,Greece,Office Supplies,Offline,M,8/17/2012,748367917,9/3/2012,7552,651.21,524.96,4917937.92,3964497.92,953440.00
Europe,Georgia,Office Supplies,Offline,H,8/10/2018,921382415,9/12/2018,6387,651.21,524.96,4159278.27,3352919.52,806358.75
Sub-Saharan Africa,Cote d'Ivoire,Cereal,Online,M,6/19/2012,343330323,6/28/2012,7927,205.70,117.11,1630583.90,928330.97,702252.93
Central America and the Caribbean,Haiti,Vegetables,Offline,M,7/3/2018,529885470,7/21/2018,3741,154.06,90.93,576338.46,340169.13,236169.33
Asia,Kazakhstan,Household,Online,M,9/29/2019,817034184,11/13/2019,7426,668.27,502.54,4962573.02,3731862.04,1230710.98
Europe,Montenegro,Snacks,Offline,L,10/1/2016,611075294,10/15/2016,9614,152.58,97.44,1466904.12,936788.16,530115.96
Asia,Tajikistan,Office Supplies,Online,L,8/9/2011,738620126,8/22/2011,2964,651.21,524.96,1930186.44,1555981.44,374205.00
Sub-Saharan Africa,Guinea-Bissau,Snacks,Online,M,3/23/2013,296592509,4/10/2013,7169,152.58,97.44,1093846.02,698547.36,395298.66
Asia,Bangladesh,Meat,Offline,L,8/27/2010,702228772,9/12/2010,3954,421.89,364.69,1668153.06,1441984.26,226168.80
Sub-Saharan Africa,Kenya,Clothes,Offline,M,6/21/2010,743077743,7/26/2010,2072,109.28,35.84,226428.16,74260.48,152167.68
Australia and Oceania,Tuvalu,Snacks,Offline,M,1/28/2010,627000749,2/12/2010,2310,152.58,97.44,352459.80,225086.40,127373.40
Sub-Saharan Africa,Tanzania,Baby Food,Online,M,9/17/2013,632171618,10/23/2013,2485,255.28,159.42,634370.80,396158.70,238212.10
Central America and the Caribbean,Saint Lucia,Cereal,Offline,H,6/8/2016,657076680,7/16/2016,2446,205.70,117.11,503142.20,286451.06,216691.14
Sub-Saharan Africa,Lesotho,Office Supplies,Offline,C,2/25/2020,670514762,2/26/2020,9073,651.21,524.96,5908428.33,4762962.08,1145466.25
Sub-Saharan Africa,Gabon,Household,Online,H,7/29/2017,261597192,8/19/2017,1277,668.27,502.54,853380.79,641743.58,211637.21
Europe,Iceland,Beverages,Offline,H,12/19/2018,889747798,1/17/2019,5000,47.45,31.79,237250.00,158950.00,78300.00
Europe,Iceland,Clothes,Online,C,9/14/2014,934702908,10/2/2014,8217,109.28,35.84,897953.76,294497.28,603456.48
Sub-Saharan Africa,Sao Tome and Principe,Baby Food,Offline,M,9/15/2012,646511352,10/8/2012,5931,255.28,159.42,1514065.68,945520.02,568545.66
Sub-Saharan Africa,Mali,Cosmetics,Offline,L,9/16/2011,795534455,10/27/2011,5179,437.20,263.33,2264258.80,1363786.07,900472.73
Central America and the Caribbean,Nicaragua,Baby Food,Online,C,4/15/2017,422446048,4/20/2017,28,255.28,159.42,7147.84,4463.76,2684.08
Central America and the Caribbean,Grenada,Household,Online,H,2/22/2015,888232457,3/9/2015,6577,668.27,502.54,4395211.79,3305205.58,1090006.21
Europe,Kosovo,Clothes,Offline,C,3/20/2019,924192512,3/26/2019,7957,109.28,35.84,869540.96,285178.88,584362.08
Central America and the Caribbean,The Bahamas,Personal Care,Online,H,11/10/2012,681937539,12/10/2012,9327,81.73,56.67,762295.71,528561.09,233734.62
Asia,Kyrgyzstan,Fruits,Online,C,5/14/2018,383391368,6/5/2018,2880,9.33,6.92,26870.40,19929.60,6940.80
Sub-Saharan Africa,Djibouti,Baby Food,Online,C,10/4/2016,770790326,11/9/2016,2841,255.28,159.42,725250.48,452912.22,272338.26
Sub-Saharan Africa,Mauritania,Beverages,Offline,H,4/16/2017,856683242,4/26/2017,464,47.45,31.79,22016.80,14750.56,7266.24
Europe,Macedonia,Beverages,Offline,M,1/12/2020,173931443,2/29/2020,9034,47.45,31.79,428663.30,287190.86,141472.44
Asia,Malaysia,Cereal,Online,L,7/6/2010,125708758,8/14/2010,8870,205.70,117.11,1824559.00,1038765.70,785793.30
Middle East and North Africa,Iran,Baby Food,Offline,C,7/17/2018,835501515,8/26/2018,2320,255.28,159.42,592249.60,369854.40,222395.20
Europe,Ukraine,Clothes,Offline,L,8/14/2016,697108542,9/25/2016,8764,109.28,35.84,957729.92,314101.76,643628.16
Sub-Saharan Africa,Liberia,Household,Offline,L,10/30/2010,424641168,10/30/2010,9613,668.27,502.54,6424079.51,4830917.02,1593162.49
Asia,Malaysia,Personal Care,Online,L,2/7/2014,802523219,2/19/2014,3309,81.73,56.67,270444.57,187521.03,82923.54
Europe,Czech Republic,Baby Food,Offline,H,6/29/2019,435491025,8/1/2019,327,255.28,159.42,83476.56,52130.34,31346.22
Sub-Saharan Africa,Zimbabwe,Vegetables,Offline,M,3/15/2016,698593413,3/23/2016,8170,154.06,90.93,1258670.20,742898.10,515772.10
Asia,Mongolia,Snacks,Online,L,5/2/2016,787191712,6/20/2016,6376,152.58,97.44,972850.08,621277.44,351572.64
Europe,Romania,Cereal,Offline,L,6/13/2017,866959750,8/2/2017,1511,205.70,117.11,310812.70,176953.21,133859.49
Central America and the Caribbean,Grenada,Baby Food,Online,H,8/10/2018,723883855,9/3/2018,2174,255.28,159.42,554978.72,346579.08,208399.64
Europe,Lithuania,Beverages,Online,C,1/14/2015,214262855,2/2/2015,3995,47.45,31.79,189562.75,127001.05,62561.70
Sub-Saharan Africa,Cape Verde,Clothes,Online,C,2/26/2014,614708077,4/15/2014,4635,109.28,35.84,506512.80,166118.40,340394.40
Sub-Saharan Africa,Angola,Household,Online,L,7/17/2019,572143352,7/27/2019,8787,668.27,502.54,5872088.49,4415818.98,1456269.51
Europe,Lithuania,Vegetables,Online,L,11/20/2014,153805005,12/10/2014,3174,154.06,90.93,488986.44,288611.82,200374.62
Europe,Lithuania,Snacks,Offline,C,2/13/2012,397241866,3/15/2012,1551,152.58,97.44,236651.58,151129.44,85522.14
Asia,Japan,Household,Online,H,12/26/2013,160315263,1/1/2014,9704,668.27,502.54,6484892.08,4876648.16,1608243.92
Asia,Laos,Household,Offline,C,5/20/2019,171199023,5/20/2019,450,668.27,502.54,300721.50,226143.00,74578.50
Asia,Vietnam,Fruits,Online,M,1/6/2018,778379476,2/6/2018,8639,9.33,6.92,80601.87,59781.88,20819.99
Europe,Croatia,Cosmetics,Offline,C,2/21/2017,600655448,2/22/2017,6150,437.20,263.33,2688780.00,1619479.50,1069300.50
Europe,United Kingdom,Household,Online,H,10/27/2014,577138268,11/28/2014,6894,668.27,502.54,4607053.38,3464510.76,1142542.62
Asia,Mongolia,Fruits,Offline,M,12/20/2015,817251765,1/18/2016,1813,9.33,6.92,16915.29,12545.96,4369.33
Middle East and North Africa,Pakistan,Baby Food,Offline,C,4/21/2016,150732266,5/3/2016,3882,255.28,159.42,990996.96,618868.44,372128.52
North America,Mexico,Fruits,Online,H,5/29/2018,177628600,7/8/2018,3105,9.33,6.92,28969.65,21486.60,7483.05
North America,United States of America,Cereal,Online,L,8/29/2015,318302094,10/1/2015,1518,205.70,117.11,312252.60,177772.98,134479.62
Asia,Tajikistan,Personal Care,Offline,H,12/27/2018,963426578,12/30/2018,8189,81.73,56.67,669286.97,464070.63,205216.34
Asia,Kazakhstan,Household,Online,H,6/10/2019,323988378,7/2/2019,4216,668.27,502.54,2817426.32,2118708.64,698717.68
Europe,Slovakia,Fruits,Offline,M,11/29/2014,281286323,11/30/2014,7729,9.33,6.92,72111.57,53484.68,18626.89
Europe,United Kingdom,Cereal,Offline,C,6/30/2015,536931741,7/17/2015,8889,205.70,117.11,1828467.30,1040990.79,787476.51
Central America and the Caribbean,Cuba,Baby Food,Online,H,9/30/2016,862848460,10/31/2016,4889,255.28,159.42,1248063.92,779404.38,468659.54
Asia,China,Personal Care,Offline,C,9/23/2015,651272809,10/12/2015,4952,81.73,56.67,404726.96,280629.84,124097.12
Central America and the Caribbean,Belize,Office Supplies,Offline,H,5/7/2016,264753615,6/23/2016,5333,651.21,524.96,3472902.93,2799611.68,673291.25
Sub-Saharan Africa,Sao Tome and Principe,Beverages,Offline,L,4/30/2013,586152207,6/11/2013,4319,47.45,31.79,204936.55,137301.01,67635.54
Sub-Saharan Africa,South Sudan,Household,Online,H,12/9/2018,768642413,12/29/2018,7226,668.27,502.54,4828919.02,3631354.04,1197564.98
Central America and the Caribbean,The Bahamas,Snacks,Online,M,11/10/2014,485710561,11/21/2014,1403,152.58,97.44,214069.74,136708.32,77361.42
Middle East and North Africa,Iraq,Beverages,Offline,H,1/8/2011,381155478,2/10/2011,1231,47.45,31.79,58410.95,39133.49,19277.46
Australia and Oceania,Marshall Islands,Clothes,Online,M,11/8/2018,719088494,11/23/2018,3120,109.28,35.84,340953.60,111820.80,229132.80
Europe,Luxembourg,Clothes,Online,C,11/11/2013,933933436,12/10/2013,513,109.28,35.84,56060.64,18385.92,37674.72
Asia,South Korea,Snacks,Online,M,10/31/2015,980426633,11/5/2015,8883,152.58,97.44,1355368.14,865559.52,489808.62
Sub-Saharan Africa,Equatorial Guinea,Beverages,Online,M,4/25/2019,883616912,5/11/2019,735,47.45,31.79,34875.75,23365.65,11510.10
Middle East and North Africa,Lebanon,Beverages,Online,M,5/15/2020,288865602,6/29/2020,606,47.45,31.79,28754.70,19264.74,9489.96
Central America and the Caribbean,Dominican Republic,Personal Care,Offline,L,3/19/2011,711846530,4/2/2011,62,81.73,56.67,5067.26,3513.54,1553.72
Australia and Oceania,East Timor,Household,Online,H,8/22/2017,588546025,8/31/2017,2703,668.27,502.54,1806333.81,1358365.62,447968.19
Central America and the Caribbean,Saint Kitts and Nevis ,Snacks,Online,H,11/2/2018,225262916,11/7/2018,9157,152.58,97.44,1397175.06,892258.08,504916.98
Asia,Indonesia,Meat,Online,M,11/15/2016,448608529,12/24/2016,2088,421.89,364.69,880906.32,761472.72,119433.60
Sub-Saharan Africa,Mauritius ,Vegetables,Offline,C,9/4/2020,355506694,10/9/2020,1186,154.06,90.93,182715.16,107842.98,74872.18
Central America and the Caribbean,Costa Rica,Personal Care,Offline,C,4/15/2019,463193738,5/17/2019,8175,81.73,56.67,668142.75,463277.25,204865.50
Europe,Belgium,Household,Offline,H,4/14/2019,459218490,4/22/2019,1811,668.27,502.54,1210236.97,910099.94,300137.03
Sub-Saharan Africa,Sao Tome and Principe,Clothes,Offline,C,1/23/2018,551442277,1/27/2018,2879,109.28,35.84,314617.12,103183.36,211433.76
Europe,Sweden,Cosmetics,Offline,M,11/15/2019,118038928,1/2/2020,9197,437.20,263.33,4020928.40,2421846.01,1599082.39
Europe,Luxembourg,Clothes,Offline,H,10/6/2019,857494771,11/6/2019,613,109.28,35.84,66988.64,21969.92,45018.72
